4844 6224
1060 379 1368 445 -5-...-

260 555 410 619 Ολδίπουν
431 562 506 618 ante
524 547 682 634 Ὀρφανόν,
711 559 767 615 aut
791 548 825 614 in
846 546 1000 614 Philoclis
1021 545 1200 612 dramatum
1221 546 1331 613 tabula
1356 545 1503 608 Οίδίπουν
1523 554 1556 610 et
1580 544 1672 608 Οἰνία
1694 553 1770 610 ante
1791 544 1944 629 Πρίαμον.
1987 541 2040 611 Ab
2064 543 2177 610 eodem

256 673 364 729 autem
392 669 521 726 auctore
552 659 603 725 cui
631 659 688 723 illa
710 655 835 724 Snidas
855 657 953 722 debet
980 655 1076 722 etiam
1103 656 1161 720 hos
1189 654 1347 720 indiculos
1368 649 1468 720 factos
1489 654 1690 741 putabimus,
1720 653 1775 741 qui
1799 664 1831 719 et
1851 653 1911 740 ipsi
1931 653 2009 716 κατὰ
2030 661 2178 734 στοιχεῖον

255 769 421 857 compositi
442 779 532 835 aunt:
562 765 690 834 Scins
693 764 911 847 ,Ζηνωνπ-
869 762 1069 847 -ίγραψεν
1085 760 1134 847 Ἑρ
1137 760 1276 840 ίδας,Ἐ
1279 762 1401 845 ξήγησιν
1429 768 1491 825 τεόν
1507 758 1753 842 Ἐμπεδοκλέους,
1780 761 1856 846 πρδς
1876 761 1949 836 τούς
1973 760 2179 845 Φιλοσόφους,

255 881 321 961 περὶ
347 877 484 951 Φύσεως.
507 888 585 943 ets.
608 873 911 957 Κηφισόδωρος·-
939 871 1021 936 ίστιν
1048 869 1144 935 αύτοῦ
1165 853 1227 935 των
1255 871 1422 957 δραμάτων
1442 868 1605 946 Ἀντιλαίς,
1625 868 1804 952 Ἀμαζόνες,
1838 867 2031 954 Τροφώνιος,
2051 859 2115 944 Υς.
2146 882 2179 936 et

255 1011 281 1052 s.
303 989 534 1068 Κλεοφῶν·-
554 989 617 1048 τῶν
638 982 805 1067 δραμάτων
826 978 921 1044 odron
906 979 1090 1055 Ἀκταίων,
1104 978 1301 1063 Ἀμφιάραος,
1314 976 1473 1060 Ἀχιλλεύς,
1494 977 1622 1059 Βάκχαι,
1643 978 1823 1059 Δεξαμενός,
1840 976 2000 1064 Ἤριγόνη,
2030 978 2178 1060 Θυέστης,

134 1149 136 1156 ,
254 1092 449 1170 Λεύκιππος,
477 1093 606 1177 Περσίς,
639 1091 786 1174 Τήλεφος.
810 1100 841 1156 et
862 1113 887 1155 s.
910 1089 1050 1172 Κράτης·
1072 1088 1280 1171 -δράματα
1301 1085 1396 1172 atron
1417 1090 1491 1154 τίσιν
1511 1086 1551 1165 ζ’,
1573 1088 1723 1163 Γείτονες,
1745 1085 1879 1170 Ἥρωες,
1910 1087 2025 1171 Θηρίυ,
2053 1086 2178 1168 Λάμια,

256 1205 402 1284 Πεδῆται,
424 1201 546 1280 Σάμιοι.
568 1211 601 1266 et
614 1224 638 1265 s.
654 1199 790 1263 Πλάτων
801 1197 974 1278 Ἀθηναῖος,
993 1196 1138 1276 κωμικός·
1163 1233 1202 1243 -
1223 1196 1366 1279 δράματα
1388 1195 1484 1259 αὐτοῦ
1503 1194 1549 1277 κη’
1570 1203 1683 1259 ταῦτα·
1698 1193 1832 1270 Ἄδωνις,
1846 1192 1913 1278 Ἀφ’
1935 1194 2030 1279 ἱερῶν,
2052 1199 2083 1258 Γ
2080 1203 2179 1280 ρύπες,

255 1312 424 1386 Δαίδαλος,
440 1308 567 1394 Ἑορταί,
585 1306 696 1381 Ἑλλάς
710 1306 729 1388 ἢ
744 1311 852 1388 Νῆσοι,
872 1303 1013 1387 Εὐρώπη,
1035 1305 1113 1379 Ζεύς
1132 1305 1320 1385 κακούμενος,
1338 1302 1396 1381 Ἰιό,
1419 1306 1574 1387 Κλεοφῶν,
1596 1303 1709 1380 Λάιος,
1730 1303 1880 1378 Λάκωνες
1901 1303 1920 1385 ἢ
1941 1305 2084 1384 Ποιηταί,
2106 1302 2178 1368 Μί-

171 1442 180 1454 “’
255 1443 358 1496 τοικοι,
381 1418 557 1501 Μύρμηιες,
579 1413 814 1494 Μαμμάκυθος,
836 1413 1004 1491 Μενίλεως,
1024 1418 1124 1490 Νῖκαι,
1147 1414 1214 1489 Νύξ
1233 1412 1343 1494 μακρά,
1363 1409 1481 1478 Ξάνται
1503 1411 1522 1493 ἢ
1543 1411 1710 1494 Κίρκωπες,
1732 1411 1910 1496 Περιαλγής,
1932 1411 2079 1493 Ποιητής,
2100 1414 2178 1474 Πεί-

256 1529 395 1609 σανδρος,
410 1525 568 1608 Πρίσβεις,
589 1524 748 1606 Σοφισταί,
770 1524 947 1603 Συμμαχία,
969 1524 1087 1599 Σκευαί,
1108 1521 1242 1604 Σύρφαξ,
1261 1520 1451 1605 Ὑπέρβολος,
1477 1519 1582 1582 Φάιον.
1599 1533 1630 1586 et
1644 1544 1669 1585 s.
1689 1519 1831 1603 Φόρμος·
1848 1556 1884 1566 -
1910 1519 2021 1603 ίγραψε
2036 1519 2180 1604 δράματα

256 1636 291 1713 ζ’,
312 1634 332 1699 ἅ
353 1637 417 1698 ίστι
439 1642 553 1698 ταῦτα·
568 1629 728 1712 Ἄδμητος,
742 1628 902 1708 Ἀλκίνους,
915 1629 1078 1706 Ἀλκυόνες,
1096 1628 1185 1692 ’Ἰλίου
1206 1628 1367 1712 πόρθησις,
1383 1627 1497 1705 Ἵππος,
1521 1629 1643 1711 Κηφεύς
1663 1627 1682 1708 η
1704 1627 1874 1712 Κεφάλαια,
1895 1627 2040 1711 Περσεύς.

357 1743 479 1808 Verum
500 1741 534 1806 in
557 1740 606 1806 his
627 1741 680 1805 vel
701 1738 950 1805 transcribendis
971 1740 1023 1805 vel
1045 1737 1253 1826 excerpendis
1275 1762 1339 1826 qua
1355 1736 1471 1804 Suidas
1492 1738 1642 1803 utebatur
1664 1735 1828 1824 diligentia
1849 1747 1881 1802 et
1903 1738 2116 1819 accuratione,
2139 1735 2180 1802 ab

257 1876 295 1918 ea
309 1851 493 1939 longissime
508 1850 635 1931 aberat,
654 1846 942 1915 Callimacheorum
960 1871 1091 1934 operum
1113 1847 1249 1912 indicem
1272 1870 1368 1934 quum
1391 1846 1596 1933 excerpebat.
1638 1845 1747 1911 Nihilo
1768 1857 1875 1911 tamen
1896 1845 2000 1910 secius
2022 1847 2074 1911 vel
2095 1869 2182 1913 nnnc

256 1960 327 2048 quis
355 1982 421 2024 non
450 1966 605 2045 agnoscat
633 1956 766 2022 eandem
788 1956 880 2022 istam
903 1954 943 2021 de
965 1979 1030 2043 qua
1050 1955 1143 2021 modo
1166 1955 1302 2020 diximus
1324 1954 1571 2021 ordinandorum
1593 1954 1756 2020 titulorum
1777 1953 1881 2041 legem
1904 1953 1936 2018 in
1959 1955 2071 2019 horum
2093 1963 2182 2020 certe

256 2070 410 2135 librorum
432 2065 722 2132 Callimachecrum
745 2065 874 2130 ordine:
893 2062 971 2139 Ἰοῦς
992 2063 1083 2145 άφιξ
1090 2087 1123 2138 ις
1130 2110 1138 2141 ,
1151 2061 1308 2149 Ἄργους
1329 2062 1468 2143 οίκισμοί,
1482 2061 1634 2146 Ἀρκαδία,
1656 2063 1802 2140 Γλαῦκος,
1823 2061 1970 2146 σατυρικὰ
1990 2060 2180 2144 δράματα,

250 2169 337 2256 Ἰβις,
359 2179 524 2251 Μουσεῖον,
545 2176 585 2235 Π
588 2175 716 2247 ίνακες
737 2178 798 2236 τῶν
818 2207 860 2218 -
882 2171 1126 2251 διαλαμψάντων
1142 2197 1170 2237 κ.
1185 2198 1212 2236 τ.
1228 2177 1265 2249 λ.,
1285 2173 1413 2247 Πίναξ
1432 2174 1481 2234 καί
1504 2169 1663 2255 ἀναγραφὴ
1685 2179 1746 2235 τῶν
1769 2207 1807 2217 -
1830 2169 2029 2246 διδασκάλων,
2050 2171 2180 2246 Πίναξ

256 2293 320 2349 τῶν
340 2284 537 2367 Δημοκρίτου
557 2286 705 2365 γλωσσῶν
723 2304 751 2343 κ.
773 2305 801 2345 τ.
824 2284 868 2356 λ.,
895 2287 1000 2361 μηνῶν
1020 2282 1300 2365 προσηγορίαι,
1327 2282 1435 2355 κτίσεις
1456 2278 1557 2360 κη’σων
1576 2282 1625 2342 καὶ
1647 2278 1795 2342 πόλεων
1814 2304 1841 2343 κ.
1863 2304 1892 2343 τ.
1913 2283 1951 2356 λ.,
1971 2281 2036 2361 περὶ
2057 2286 2119 2341 τῶν
2141 2315 2181 2325 -

257 2399 461 2473 ποταμῶν,
489 2392 555 2473 περὶ
577 2398 640 2453 τῶν
660 2389 912 2468 -θαυμασίων
938 2391 987 2450 καί
1016 2388 1263 2471 παραδόξων.
1293 2413 1368 2454 nam
1395 2388 1480 2477 quod
1507 2387 1540 2453 in
1553 2386 1679 2472 Ἀργους
1700 2389 1834 2469 οίκισμοί
1852 2412 1870 2454 e
1891 2389 1995 2476 prima
2015 2411 2110 2469 voce,
2141 2410 2182 2453 ex

257 2502 359 2567 altera
372 2501 406 2566 in
418 2497 495 2573 Ἰοῦς
507 2498 606 2581 ἄφιξις
621 2508 653 2562 et
674 2497 832 2577 ἱιιμηνιόν
852 2497 1050 2581 προσηγορίαι
1069 2497 1235 2563 statuimus
1256 2496 1397 2584 pendere
1419 2494 1572 2578 ordinem,
1594 2499 1727 2562 fortasse
1748 2521 1812 2563 non
1835 2498 1904 2563 sine
1927 2520 2023 2563 causa
2045 2484 2183 2584 cuipiam

257 2607 369 2674 videar
390 2608 497 2674 dicere
517 2607 550 2671 in
571 2604 681 2690 ἄφιξις,
694 2603 827 2688 Ἀργους,
849 2606 1045 2689 προσηγορίαι
1061 2606 1281 2737 principalem
1297 2628 1366 2671 esse
1388 2605 1472 2670 tituli
1493 2606 1574 2687 vim,
1602 2605 1686 2672 unde
1707 2607 1776 2672 iure
1798 2604 1936 2691 pendeat
1957 2605 2043 2670 ordo.
2074 2628 2183 2692 quam·

257 2740 354 2804 quarn
384 2739 403 2781 a
432 2726 523 2781 tanta
550 2696 726 2780 subtilitate
754 2724 880 2779 veteres
907 2712 1147 2797 πινακογράφους
1175 2715 1303 2780 invenio
1326 2714 1424 2780 fuisse
1447 2714 1575 2780 alienos.
1607 2716 1695 2781 velut
1716 2715 1770 2803 qui
1793 2713 2007 2801 Theophrasti
2028 2713 2208 2779 librorum'

257 2825 395 2892 indicem
414 2823 493 2886 κατὰ
514 2831 662 2903 στοιχεῖον
684 2821 887 2888 concinnavit
908 2821 965 2904 (cf.
989 2822 1126 2909 Diogen.
1150 2822 1257 2889 Laert.
1279 2824 1310 2905 5,
1332 2825 1374 2887 42
1389 2822 1531 2926 seqq.)
1517 2848 1663 2904 επιτομην
1683 2848 1737 2905 της
1757 2822 1927 2896 Πλάτωνος
1948 2822 2097 2896 πολιτείας
2118 2845 2182 2888 non

257 2933 409 3021 posuits.
432 2957 463 3007 π,
486 2930 589 2996 aeds.
610 2954 632 3006 ε,
661 2953 855 3055 quamquam
877 2928 1098 2994 ἇναλυτικῶνδ
1099 2930 1230 3012 πιτομήν
1251 2931 1396 2997 habete.
1419 2956 1447 3008 ιι,
1475 2929 1612 3010 νόμιον
1598 2931 1790 3013 επιτομήνυ.
1813 2956 1842 3006 ν,
1869 2933 1934 3012 περὶ
1957 2936 2092 3013 φυσικῶν
2113 2930 2181 2992 ἐπι-

259 3040 396 3122 τομήνε.
412 3063 445 3122 φ,
467 3048 499 3104 et
514 3061 556 3104 ne
571 3040 641 3127 qnis
656 3060 728 3104 eum
742 3033 863 3127 primae
886 3039 1000 3127 cuique
1023 3040 1185 3105 titulorum
1206 3039 1276 3105 voci
1298 3038 1503 3170 praecipuam
1525 3039 1724 3105 tribuisse
1696 3064 1759 3105 vnn
1782 3039 1905 3120 δίεισι,
1897 3063 1965 3126 lpse
1987 3038 2072 3105 cavit
2091 3038 2183 3105 titulo

259 3149 313 3272 qui
336 3158 385 3213 est
404 3149 470 3230 περὶ
491 3146 627 3220 παιδείας
646 3146 797 3226 βασιλέως
818 3147 922 3234 posito
944 3172 969 3212 s.
990 3152 1027 3227 β,
1049 3159 1082 3213 et
1103 3147 1156 3236 qui
1179 3158 1227 3213 est
1248 3151 1312 3231 περι
1334 3144 1533 3231 ετεροφωνιάς
1554 3144 1640 3224 ζαίων
1663 3154 1723 3211 τῶν
1745 3145 1894 3230 όμογενων
1915 3148 2018 3235 posito
2040 3172 2065 3212 s.
2089 3150 2117 3224 ζ,
2146 3157 2183 3214 ut

259 3257 292 3322 in
321 3256 369 3321 his
397 3279 464 3321 non
492 3254 668 3337 rationem,
696 3255 753 3321 sed
781 3255 946 3348 arbitrium
976 3278 1137 3387 regnasse
1150 3268 1310 3343 appareat
1342 3257 1431 3321 cuius
1459 3257 1505 3322 rei
1527 3256 1588 3322 hoc
1609 3280 1736 3345 quoque
1758 3255 1984 3323 documentum
2006 3266 2067 3337 est,
2099 3255 2184 3380 quod

235 3387 356 3452 .supra
377 3363 521 3429 Platonis
542 3363 684 3428 fabulam
699 3361 799 3448 Ἀφ’“
789 3388 876 3447 ιερων
897 3364 932 3446 (i.
956 3388 983 3429 e.
1004 3390 1035 3426 αι
1057 3362 1110 3448 άφ
1126 3388 1214 3447 ιερων
1234 3365 1427 3447 γυναικες)ι.
1449 3392 1469 3428 α
1490 3366 1626 3454 positam
1648 3365 1802 3430 videmus.
1838 3365 1964 3432 Eodem
1986 3375 2093 3431 autem
2114 3365 2184 3432 iure

259 3472 363 3539 dicam
383 3494 425 3536 an
447 3471 579 3537 arbitrio
603 3481 635 3538 et
656 3472 788 3538 libidine
809 3470 996 3539 Callimachi
1017 3475 1082 3555 περὶ
1105 3498 1167 3536 των
1187 3508 1229 3519 -
1251 3473 1436 3552 θαυμασίων
1456 3477 1505 3537 καί
1527 3473 1709 3558 παραδόξων
1729 3474 1876 3539 libross.
1898 3499 1930 3550 π,
1950 3497 2063 3540 nona.
2087 3478 2121 3551 θ,
2152 3484 2185 3539 et

258 3577 417 3654 κτ’ίσεις
381 3601 482 3660 νησων
493 3605 543 3642 και
535 3578 714 3645 π.όλεωνει
730 3607 761 3657 π,
782 3604 848 3647 non
864 3604 889 3646 s
904 3583 1107 3648 ναοΙΙοοιιου
1123 3581 1334 3663 censebimus,
1357 3583 1407 3647 cui
1422 3584 1467 3649 rei
1483 3606 1662 3673 congruens
1685 3594 1734 3648 est
1755 3581 1840 3670 quod
1862 3593 1974 3669 postea
1995 3581 2185 3665 videbimus,

260 3686 449 3754 Timesithei
475 3687 672 3777 tragoediam
702 3713 785 3777 quae
813 3689 966 3776 inscripta
995 3702 1064 3756 erat
1092 3689 1226 3770 Κάστωρ
1245 3692 1295 3752 καί
1317 3691 1511 3773 Πολυδεύκης
1538 3691 1624 3777 apud
1646 3689 1736 3758 Suid.
1759 3715 1782 3755 s
1811 3691 2029 3772 Τιμησίθεος
2020 3714 2054 3756 ιιι
2076 3691 2186 3757 tabula

259 3819 324 3862 non
341 3819 365 3861 s.
379 3820 405 3871 κ,
426 3794 484 3860 sed
498 3819 523 3860 s.
537 3823 559 3858 π
581 3798 779 3878 collocatam,
802 3798 951 3886 quoniam
973 3799 1087 3885 potior,
1110 3799 1231 3886 opinor,
1254 3798 1424 3865 videbatur
1437 3799 1564 3879 Pollux,
1586 3824 1661 3866 narn
1682 3799 1837 3881 ,Κάστωρ
1857 3823 1915 3879 μεν
1937 3799 2059 3881 θνητός,
2084 3797 2184 3860 θανά·
2254 3779 2258 3787 ’

260 3929 314 3969 του
337 3903 373 3966 δί
391 3903 419 3967 oi
441 3900 514 3967 αίσα
535 3904 700 3987 πίπρωται,
721 3902 834 3990 Αύτάρ
856 3904 874 3969 δ
893 3903 918 3989 γ’
941 3904 1100 3982 ἀθάνατος
1120 3907 1321 3989 Πολυδεύκης,
1344 3907 1411 3986 ὄζος
1424 3905 1557 3990 Ἀρηος”.
1580 3932 1773 3997 quamquam
1795 3909 1881 3996 apud
1903 3908 1981 3974 alios
2004 3905 2120 3975 Castor
2141 3908 2186 3972 ita

260 4013 452 4101 praevaluit,
480 4023 515 4079 ut
536 4015 671 4079 fratrum
693 4036 752 4101 par
775 4013 927 4081 Castores
948 4015 1204 4103 appellarentur,
1233 4018 1321 4082 velut
1342 4042 1361 4082 a
1382 4017 1486 4083 Plinio
1509 4018 1581 4082 hist
1603 4028 1668 4083 nat
1692 4018 1721 4098 7,
1744 4017 1794 4082 36.
1824 4017 1871 4098 10,
1896 4017 1965 4081 121.
1988 4017 2039 4097 34,
2061 4017 2113 4081 23.
2135 4017 2186 4096 35,

260 4122 311 4206 27,
335 4123 385 4203 71,
407 4122 458 4186 93.
502 4121 669 4188 Postremo
698 4146 814 4211 quum,
844 4124 870 4189 si
900 4123 971 4212 quis
998 4123 1060 4190 hoc
1088 4125 1171 4190 forte
1198 4125 1334 4206 nesciat,
1364 4125 1521 4207 δράματος
1548 4149 1664 4191 nomen
1695 4125 1736 4190 ad
1758 4125 1940 4213 tragoedias
1962 4125 2059 4190 etiam
2083 4136 2115 4191 et
2137 4146 2188 4190 co·

260 4229 400 4297 moadiae
422 4231 589 4318 pertineat,
611 4231 725 4297 mirum
748 4256 812 4298 non
834 4231 990 4320 estquod
1012 4231 1072 4298 tria
1094 4230 1315 4320 haec-genera
1336 4234 1466 4299 iunctim
1488 4234 1592 4319 posita
1614 4233 1768 4299 videmus.
1792 4271 1831 4281 -
1861 4233 2005 4299 Tametsi
2027 4244 2132 4299 autem
2151 4234 2187 4299 in

260 4338 310 4404 his
339 4338 547 4424 excerpendis
575 4339 674 4405 titulis
697 4338 812 4406 Suidas
842 4341 1004 4407 literarum
1034 4340 1179 4406 ordinem
1207 4341 1363 4423 servavit,
1391 4352 1499 4408 tamen
1529 4355 1561 4409 et
1588 4344 1734 4408 turbasse
1763 4365 1835 4408 eum
1857 4341 1984 4407 videtur
2004 4366 2103 4430 quum
2125 4341 2188 4408 illis

260 4446 576 4529 Σεμίλην,”Ελπίδας,
601 4447 679 4529 μίλη
700 4449 805 4515 alieno
826 4449 897 4515 loco
919 4449 1151 4536 interponeret,
1182 4461 1214 4515 et
1234 4461 1307 4537 post
1327 4451 1443 4516 librum
1465 4451 1520 4539 qui
1542 4454 1607 4533 περὶ
1628 4458 1690 4515 τῶν
1710 4452 1742 4514 ἓν
1763 4449 1986 4537 Πελοποννήσῳ
2006 4448 2055 4513 κἀλ
2074 4448 2188 4538 Ἰταλίη

261 4556 448 4637 θαυμασίων
474 4559 523 4618 καὶ
552 4556 734 4639 παραδόξων
760 4557 942 4623 inscribitur
970 4558 1079 4623 titulos
1111 4557 1265 4646 quosdam
1287 4558 1388 4624 voluit
1409 4571 1500 4625 extra
1522 4559 1665 4626 ordinem
1688 4559 1815 4648 vagari,
1843 4583 1978 4647 quorum
2000 4570 2123 4646 partem
2146 4559 2187 4624 ob

261 4665 359 4730 aliam
380 4687 509 4753 quoque
531 4687 660 4731 causam
682 4664 802 4732 habere
823 4690 886 4755 quo
909 4666 1073 4732 offendant
1092 4666 1183 4732 initio
1204 4666 1351 4732 diximus.
1394 4667 1577 4756 Utrumque
1603 4669 1701 4756 igitur
1720 4692 1823 4750 genus
1846 4677 2017 4734 contumax
2038 4679 2070 4734 et
2091 4668 2188 4734 refra-

262 4773 397 4840 ctarium
419 4772 583 4839 videamus
605 4775 763 4862 quomodo
786 4775 917 4842 crimine
939 4774 1173 4863 expediendum
1195 4775 1245 4840 sit.

364 4881 415 4948 Ac
428 4881 565 4969 primum
583 4882 813 4970 disputabimus
835 4883 875 4949 de
898 4883 1024 4965 ultimis,
1047 4906 1130 4971 quae
1150 4907 1215 4950 non
1237 4882 1365 4950 aliunde
1387 4907 1457 4951 esse
1478 4908 1585 4974 neque
1606 4883 1741 4953 aSuida
1762 4884 1907 4973 apposita
1927 4908 2032 4973 neque
2053 4909 2073 4951 a
2094 4886 2188 4953 docto

261 4989 368 5078 aliquo
396 4990 517 5057 lectore
545 5001 669 5074 assuta,
699 4989 755 5057 sed
785 5015 825 5058 ex
849 4991 959 5058 eadem
982 4992 1093 5058 tabula
1114 5015 1178 5080 qua
1199 4992 1339 5080 reliquos
1361 4992 1470 5059 titulos
1492 5017 1511 5059 a
1533 4991 1634 5060 Suida
1656 5018 1726 5060 esse
1748 4995 1851 5061 alieno
1873 4994 1945 5060 loco
1967 4993 2093 5061 adiecta
2112 4996 2189 5061 mihi

262 5097 392 5185 quidem
421 5099 630 5166 certissimum
660 5109 718 5166 est
761 5100 886 5166 Morem
916 5100 999 5185 enim
1022 5099 1055 5166 in
1078 5100 1146 5167 eius
1167 5100 1253 5166 modi
1276 5101 1485 5188 excerpendis
1505 5101 1624 5169 tabulis
1646 5103 1742 5168 fuisse
1765 5101 1884 5170 Suidae
1905 5103 2050 5185 invenio,
2081 5115 2131 5186 ut,
2162 5102 2189 5169 si

261 5205 389 5295 quando
417 5207 554 5274 indicem
583 5207 721 5297 aliquem
748 5230 941 5296 percurrens
971 5209 1141 5298 carpsisset
1168 5207 1241 5276 inde
1270 5220 1368 5299 atque
1397 5210 1568 5279 delibasset
1589 5233 1673 5300 quae
1695 5213 1815 5299 optima
1835 5213 1981 5303 scitoque
2003 5212 2189 5300 dignissima
