4844 6224
1074 427 1173 434 ...-
1219 396 1259 458 16
1348 423 1353 436 .

369 564 434 632 Sed
465 565 545 629 haee
575 562 704 652 quidem
732 562 896 627 haetenus.
925 585 999 626 nam
1030 574 1115 626 certe
1143 573 1274 649 propter
1297 560 1486 627 Callimachi
1515 562 1656 627 tabulam
1679 586 1743 628 non
1767 562 1829 627 iarn
1853 586 1932 650 opus
1955 576 2003 630 cst
2025 576 2060 630 ut
2082 563 2197 631 addam

266 697 421 762 quosnam
450 684 602 739 auctores·
627 672 658 736 in
689 673 822 736 aliorum
853 671 990 736 virorum
1020 681 1147 758 praeter
1175 670 1381 758 philosophos
1405 682 1436 736 et
1457 682 1569 759 poetas
1591 672 1721 737 historia
1744 671 1923 737 enarranda
1945 673 2129 759 Hesychius
2151 698 2198 740 se·

265 794 357 848 cutus
387 805 456 847 esse
484 781 630 846 videatur
658 791 713 846 aut
742 781 857 868 quibus
879 803 914 844 se
937 779 1108 860 addixerit,
1133 781 1186 844 ubi
1208 779 1398 867 Dionysius,
1429 780 1531 860 Philo,
1562 780 1674 868 reliqui
1699 804 1770 844 eum
1793 780 1967 848 defecerint
1988 783 2196 871 (quamquam

264 893 317 957 vel
339 891 371 956 in
394 891 442 955 his
464 891 572 956 docuit
593 901 713 978 quanta
735 900 818 954 esset
839 889 1021 976 diligentia,
1052 888 1177 975 utqui,
1207 889 1270 953 alis
1298 889 1419 953 auxilia
1447 887 1573 977 quando
1596 889 1761 969 deessent,
1790 890 2054 957 bibliothecarum
2076 892 2196 958 forulos
2232 942 2236 951 .
2321 882 2326 892 ¹

263 1011 525 1088 perscrutaretur.
557 1000 596 1063 cf.
621 996 711 1064 Suid.
734 1023 758 1062 s.
781 997 964 1079 Δαμόφιλος
986 1008 1018 1061 et
1040 1021 1064 1060 s.
1088 997 1231 1071 Σέλευκος
1249 995 1431 1077 ’Epion-roc).
1475 997 1590 1084 ltaque
1613 1020 1676 1062 non
1704 997 1768 1087 iam
1792 998 2026 1065 demorabimur
2048 1001 2194 1081 lectores,

264 1110 290 1174 si
312 1110 367 1196 qui
388 1109 480 1174 nobis
503 1107 695 1194 contigerint
716 1108 814 1172 fortes
837 1118 868 1171 et
889 1107 1047 1194 patientes
1069 1106 1201 1186 laboris,
1230 1105 1286 1171 sed
1309 1106 1413 1170 statim
1437 1105 1639 1189 dimittemus,
1668 1106 1828 1194 ubi-quae
1850 1107 1966 1173 diffusa
1988 1121 2020 1174 et
2040 1110 2196 1196 perplexa

263 1241 360 1304 saepe
394 1216 606 1304 disputatione
642 1215 846 1280 disseruimus
883 1215 913 1279 in
944 1215 1076 1279 brevem
1106 1237 1261 1279 summam
1292 1215 1553 1280 contraxerimus.
1604 1214 1761 1280 Docuisse
1791 1227 1898 1282 autem
1927 1217 2019 1283 nobis
2048 1217 2195 1283 videmur

265 1324 553 1393 Callimacheorum
571 1347 702 1411 operum
719 1325 862 1390 tabulam
884 1347 948 1389 non
971 1323 1073 1409 ipsum
1097 1324 1312 1410 composuisse
1329 1322 1472 1406 Suidam,
1495 1323 1550 1389 scd
1574 1325 1613 1389 ab
1631 1324 1795 1411 Hesychio
1810 1324 1946 1407 Milesio,
1970 1325 2026 1414 qui
2037 1326 2194 1414 Dionysio

255 1435 384 1500 'debere
414 1434 554 1515 videtur,
584 1433 746 1521 accepisse
775 1443 925 1523 aoptrrate
954 1446 986 1497 et
1013 1432 1187 1518 prudenter
1216 1433 1439 1519 compositam,
1469 1431 1605 1498 eundem
1633 1446 1738 1498 autem
1764 1434 1964 1521 excerpendo
1988 1433 2193 1500 distrahendo
2244 1474 2248 1484 ·

265 1542 514 1631 conglutinando
541 1566 609 1608 eam
638 1541 830 1630 depravasse
853 1564 957 1628 neque
979 1541 1123 1606 effecisse
1146 1552 1252 1606 tamen
1275 1554 1309 1605 ut
1331 1541 1439 1629 aliqua
1460 1542 1706 1628 pretiosissimae
1727 1542 1857 1608 tabulae
1878 1565 1954 1631 pars
1975 1543 2008 1608 in
2031 1543 2190 1631 integrum

265 1652 388 1718 restitui
409 1664 548 1739 nequeat
570 1664 624 1716 aut
645 1651 685 1715 ad
708 1675 800 1717 usum
821 1652 862 1717 sit
882 1651 1033 1715 inhabilis
1055 1650 1235 1737 nulliusque
1256 1650 1360 1737 pretii.

366 1761 483 1827 Actum
507 1771 562 1837 est,
586 1760 687 1826 ilicetl
