4844 6224
282 602 531 690 Aristophanem
556 602 786 689 prolegomena
815 601 855 665 ab
878 600 1021 666 Henrico
1042 599 1149 665 Keilio
1177 596 1262 664 edita
1284 599 1316 664 in
1338 598 1451 664 Museo
1474 597 1632 663 Rhenano
1655 598 1703 663 Vl
1727 593 1834 684 [1848]
1843 646 1851 678 ,
1881 622 1911 685 p.
1938 598 1997 662 114
2019 595 2111 686 seq).
2156 597 2213 664 Se·

281 713 452 800 quentibus
474 708 590 775 deiude
611 710 701 775 libris
724 709 820 775 etiam
843 707 1028 790 αὐλημάτων
1049 709 1209 773 historiam
1233 706 1329 789 dedit,
1351 710 1427 773 item
1450 709 1659 788 enumeravit,
1689 703 1793 790 ἀνδρες
1815 732 1846 770 τε
1867 705 1927 770 ὃσα
1948 705 2084 788 ηὔλησαν
2102 711 2151 769 καὶ
2174 708 2213 789 δι)

282 824 331 883 καὶ
345 829 494 903 γυναῖκες·
517 818 710 899 καὶὍμηρος
732 819 765 880 δί
788 816 873 905 αὐτῷ
891 821 940 880 καὶ
960 818 1101 892 Ἡσίοδος
1121 820 1169 879 καί
1185 815 1365 898 Ἀντίμαχος
1385 817 1414 879 οἱ
1435 821 1555 898 ποιηταὶ
1581 823 1635 897 τῆς
1656 816 1819 897 διηγήσεως
1839 816 1939 898 μίρος,
1959 819 2008 878 κοιὶ
2030 822 2093 879 τῶν
2114 815 2214 890 ἀλλων

240 959 248 980 =
285 934 416 991 πλεῖστοι
435 936 496 992 τῶν
512 931 552 1002 εἰς
574 936 665 992 τοῦτο
688 928 722 990 τὸ
744 928 827 1009 γίνος
849 935 910 991 τῶν
932 935 1065 1008 ποιητῶν
1087 925 1278 1008 ἀναγομένων
1300 926 1335 1006 (i.
1360 949 1386 990 e.
1409 933 1543 1007 ποιητῶν
1564 926 1723 1000 παντοίων,
1746 938 1780 991 ut
1802 924 1919 990 Suidas
1941 926 2008 991 sive
2031 927 2213 1012 Hesychius

282 1062 307 1102 s.
322 1037 485 1112 Διονύσιος
501 1038 666 1125 loquitur).
689 1035 732 1099 ίτι
755 1037 789 1098 δὲ
810 1039 858 1098 καὶ
880 1040 945 1119 περὶ
965 1043 1112 1118 γυναικῶν
1132 1043 1285 1116 μαντικῶν
1306 1033 1477 1118 ἀναγράιγει,
1500 1036 1575 1108 τίνες
1597 1058 1628 1097 τε
1648 1037 1696 1097 κιιὶ
1719 1032 1794 1096 ὅθεν
1815 1033 1846 1096 αἱ
1866 1034 2214 1114 καλοδμεναιἚιβυλλαι

284 1146 469 1234 (dequibus
486 1147 582 1212 etiam
597 1145 780 1232 Hesychius
796 1146 944 1211 disseruit
959 1146 1211 1232 compilatusque
1227 1156 1274 1210 est
1296 1142 1454 1222 aSuida).
1500 1141 1595 1222 Quod
1618 1155 1723 1208 autem
1741 1142 1925 1231 Stephanus
1942 1144 2023 1229 Bya.
2046 1169 2077 1231 p.
2094 1146 2165 1225 646,
2182 1144 2212 1209 5.

283 1256 475 1342 Dionysium
505 1255 544 1320 de
566 1255 680 1342 Euage
710 1255 830 1320 comico
861 1255 964 1341 egisse
995 1267 1102 1319 narrat
1130 1255 1163 1319 in
1193 1255 1342 1319 vicesimo
1365 1252 1458 1319 tertio
1480 1253 1621 1317 musicae
1643 1253 1793 1317 historiae
1816 1253 1913 1332 libro,
1944 1277 2023 1333 non,
2054 1253 2138 1340 quod
2161 1278 2213 1318 ex·

284 1364 497 1451 spectaveris,
526 1365 558 1429 in
589 1364 695 1451 aliquo
725 1387 765 1428 ex
794 1364 972 1451 prioribus,
1000 1348 1142 1428 causam*
1160 1363 1242 1428 hanc
1268 1374 1345 1449 puto
1368 1363 1480 1441 fuisse,
1509 1362 1594 1449 quod
1617 1373 1728 1448 poetas
1751 1361 1805 1448 qui
1827 1363 1916 1427 nullo
1940 1361 2068 1428 doctore
2089 1362 2214 1428 nobiles

285 1485 377 1538 erant
394 1496 498 1560 neque
515 1473 625 1538 alienis
647 1473 834 1559 praeceptis,
857 1473 913 1536 sed
936 1482 1048 1558 suapte
1069 1470 1175 1536 indole
1198 1482 1312 1558 poetae
1335 1483 1518 1552 evaserant,
1542 1494 1621 1558 ques
1642 1468 1878 1544 αὐτοδιδάκτους
1901 1469 2020 1537 Gracci
2042 1472 2213 1559 appellant,

286 1605 305 1646 a
328 1582 522 1669 reliquorum
542 1604 675 1646 numero
698 1593 934 1668 segregaverat.
963 1605 1036 1645 nam
1059 1578 1178 1662 Ευάγης
1199 1581 1311 1667 (ipsius
1334 1580 1481 1666 Dionysii
1504 1581 1605 1643 verba
1627 1589 1700 1643 sunt
1723 1603 1772 1665 ap.
1797 1578 1909 1666 Steph.
1932 1580 1952 1644 l.
1977 1581 2013 1661 l.)
2036 1579 2148 1661 ποιμήν
2171 1605 2214 1653 τις

284 1682 321 1772 ἦν
342 1690 540 1773 ἀγράμματος
561 1692 609 1751 καί
631 1698 685 1770 τῆς
707 1688 799 1770 άλλης
820 1689 954 1763 παιδειάς
975 1687 1108 1772 ἄπειρος,
1136 1690 1261 1770 ποιητὴς
1283 1688 1310 1750 δ’
1332 1688 1451 1771 ἀγαθάς
1471 1690 1649 1775 κωμῳδιῶν.
1680 1723 1720 1734 -
1751 1688 1822 1752 Ηοο
1844 1688 1941 1774 igitur
1963 1703 2028 1753 tam
2049 1689 2214 1776 copiosum

285 1810 415 1887 tamque
439 1798 596 1863 eruditum
619 1822 698 1885 opus
721 1799 790 1886 quis
813 1809 910 1884 neget
933 1799 1146 1883 Hesychium,
1177 1799 1437 1885 quotiescumque
1466 1797 1506 1862 ad
1529 1809 1694 1884 poetarum
1717 1797 1901 1861 memoriam
1922 1797 2142 1862 illustrandam
2165 1823 2214 1863 ac·

286 1909 390 1990 cessit,
414 1908 527 1994 cupide
543 1920 575 1973 et
589 1908 729 1972 libenter
743 1908 774 1970 in
799 1930 890 1971 usum
914 1931 1005 1971 suum
1028 1907 1234 1987 convertisse,
1258 1918 1292 1972 ut
1314 1931 1389 1970 usus
1412 1918 1459 1972 est
1481 1905 1566 1992 apud
1589 1904 1719 1970 Suidam
1744 1931 1768 1969 s.
1783 1903 1963 1988 Ἀντιφάνης
1985 1917 2016 1971 et
2038 1930 2062 1970 s.
2077 1904 2213 1990 Ὀρφεύς.

285 2015 458 2082 Praeterea
474 2029 582 2081 autem
597 2016 804 2081 memorabile
819 2016 1008 2101 Dionysium
1028 2017 1068 2081 ab
1084 2017 1247 2100 Hesychia
1269 2017 1301 2080 iu
1324 2016 1537 2080 testimonium
1560 2015 1666 2080 vocari
1689 2039 1712 2078 s.
1728 2016 1881 2098 Παμφίλη
1902 2016 1955 2080 vel
1977 2040 2001 2079 s.
2024 2016 2213 2097 Σωτηρίδας.

285 2148 357 2189 uam
387 2149 502 2212 quum,
534 2136 688 2213 quantum
716 2124 844 2212 quidem
867 2126 983 2189 scimus
1006 2124 1061 2205 (cf.
1084 2124 1177 2189 Voss.
1201 2125 1239 2188 de
1263 2125 1367 2189 histor.
1394 2123 1510 2189 Graec.
1534 2149 1564 2210 p.
1588 2125 1657 2188 237.
1682 2123 1886 2204 Westerm.),
1918 2146 2024 2211 neque
2046 2123 2213 2211 Pamphile

285 2258 389 2320 neque
405 2232 569 2299 Soteridas
586 2235 727 2299 carmina
750 2234 893 2312 fecerint,
917 2234 1031 2298 mirum
1054 2245 1138 2298 esset
1160 2233 1243 2321 quod
1260 2234 1434 2320 Dionysius
1457 2235 1488 2295 ίν
1511 2241 1554 2318 τῶ
1576 2233 1602 2293 λ’
1624 2239 1677 2313 τῆς
1696 2240 1844 2312 μουσικῆς
1866 2230 1999 2315 ἱστορίας
2021 2256 2213 2298 memorasse

285 2342 421 2408 traditur
443 2342 631 2429 Pamphilae
661 2342 796 2407 adscribi
827 2344 935 2407 solitos
964 2342 1063 2406 libros
1091 2367 1155 2407 non
1184 2343 1282 2429 ipsius
1305 2341 1417 2406 doctae
1440 2343 1593 2422 feminae,
1624 2340 1680 2405 sed
1702 2342 1801 2427 patris
1825 2339 1991 2406 Soteridae
2012 2342 2124 2422 fuisse,
2154 2341 2214 2406 nisi

285 2452 519 2538 promptissima
549 2464 632 2516 esset
661 2451 843 2516 coniectura
871 2463 999 2538 praeter
1027 2452 1167 2538 ipsorum
1196 2463 1361 2538 poetarum
1389 2452 1481 2515 simul
1513 2474 1621 2515 corum
1650 2472 1776 2537 quoque
1804 2450 1968 2543 doctorum
1991 2450 2130 2516 virorum
2152 2474 2215 2515 me·

287 2561 420 2625 moriam
444 2561 635 2644 Dionysium
657 2561 847 2640 illustrasse,
878 2560 932 2647 qui
955 2559 1197 2625 commentando
1220 2558 1259 2623 de
1281 2561 1318 2623 iis
1341 2570 1533 2623 meruerant.
1566 2570 1652 2624 certe
1676 2557 1855 2624 Soteridam
1878 2560 2023 2623 novimus
2046 2559 2099 2641 (el.
2125 2558 2214 2625 Suid.

287 2693 311 2732 s.
329 2667 374 2749 v.)
392 2667 431 2732 de
449 2669 600 2748 Homero,
623 2669 787 2755 Euripide,
810 2669 988 2733 Menandro
1004 2670 1174 2755 scripsisse.
1219 2668 1405 2756 Eodemque
1421 2668 1582 2754 pertinere
1605 2666 1730 2732 videtur
1753 2666 1837 2754 quod
1859 2691 1884 2732 s.
1896 2666 2082 2751 Ἡρωδιανάς
2098 2663 2214 2732 Suidas

226 2847 234 2855 ,
287 2777 402 2842 habet:
430 2776 529 2858 γίγονε
552 2778 785 2857 (Herodianus)
813 2778 890 2839 κατά
913 2778 965 2839 τδν
987 2775 1321 2858 ΚαιόαραἈντιυνῖνον
1342 2778 1395 2839 τδν
1416 2779 1464 2837 καὶ
1488 2775 1630 2856 Μάρκον,
1659 2774 1700 2849 οἱς
1722 2775 1863 2859 νειιὶτιρον
1884 2773 1955 2838 ιίνιιι
1976 2778 2024 2836 καὶ
2047 2777 2214 2838 Διονυσίου

287 2893 342 2948 τοῦ
371 2887 425 2966 τῆν
452 2887 600 2966 μουσικὴν
630 2885 765 2968 ἱστορίαν
792 2885 967 2967 γράψαντος
992 2889 1040 2947 καὶ
1066 2886 1204 2959 Φίλωνος
1231 2893 1285 2948 τοῦ
1307 2887 1458 2963 Βυβλίου,
1488 2885 1602 2972 quibus
1624 2884 1765 2949 indicare
1788 2885 1970 2970 Hesychius
1991 2884 2117 2950 videtur·
2140 2886 2215 2950 Dio-

289 2995 414 3080 nysium
430 3006 461 3059 et
475 2994 640 3072 Philonem
655 2995 845 3081 praecipuos
860 2995 919 3058 sibi
934 2996 966 3059 iu
983 2994 1043 3058 hac
1058 3019 1092 3059 re
1108 2996 1205 3059 fuisse
1227 2996 1329 3059 fontes
1352 3005 1447 3081 atque
1470 2993 1501 3058 in
1525 3016 1634 3057 eorum
1656 2994 1805 3079 operibus
1820 2993 2005 3058 Herodiano
2028 3017 2165 3080 quoquc,
2188 2993 2214 3058 si

288 3115 418 3190 propter
440 3103 591 3189 temporis
614 3101 769 3168 rationem
791 3104 984 3167 licuisset-
1009 3127 1082 3167 nam
1105 3115 1237 3190 uterque
1260 3105 1318 3168 sub
1336 3102 1503 3167 Hadriano
1525 3102 1632 3166 floruit
1652 3137 1693 3146 —
1717 3103 1820 3166 locum
1842 3103 1981 3166 futurum
2005 3103 2101 3166 fuisse
2123 3125 2215 3166 suum

291 3223 322 3276 et
345 3211 496 3276 debitum.
539 3211 584 3276 Et
599 3211 742 3276 Philonis
763 3212 891 3299 quidem
915 3213 1094 3299 significare
1117 3212 1241 3277 videtur·
1262 3213 1366 3290 βιβλία
1389 3211 1429 3291 ιβ
1450 3215 1514 3293 περὶ
1535 3210 1666 3290 κτήσεως
1686 3213 1733 3272 καλ
1756 3211 1875 3291 ἐκλογῆς
1893 3211 2023 3288 βιβλίων
2045 3209 2100 3292 (οί.
2124 3209 2213 3276 Suid.

267 3384 276 3396 ,
291 3346 315 3384 s.
340 3320 469 3402 Φίλων),
494 3344 687 3407 quamquem
710 3322 843 3386 fortasse
866 3345 941 3385 usus
964 3332 1012 3385 est
1029 3322 1124 3384 etiam
1148 3321 1287 3385 eiusdem
1302 3322 1432 3398 βιβλιύις
1444 3320 1470 3381 λ’
1483 3323 1547 3403 περὶ
1564 3319 1677 3381 πόλεων
1690 3321 1738 3379 καὶ
1756 3317 1809 3392 οἱῗς
1821 3314 1931 3400 ἱκάστη
1953 3317 2054 3382 αὐτῶν
2075 3319 2215 3394 ίνδάξους

289 3427 385 3511 ἤνεγκε
415 3427 487 3510 (sed
510 3429 563 3515 qui
585 3429 668 3515 apud
692 3428 781 3494 Suid.
805 3453 829 3492 s.
852 3427 1235 3511 ΠαλαίηατοςἈβυδηνός
1262 3429 1293 3493 iu
1324 3430 1536 3495 testimonium
1568 3439 1700 3492 vocatur
1722 3427 1832 3506 Philo,
1863 3427 1917 3514 qui
1946 3430 2012 3510 περὶ
2041 3428 2215 3511 παραδόξου

292 3537 426 3618 ἱστορίας
448 3539 622 3624 scripserit,
653 3539 731 3602 alius
755 3549 811 3602 est.
842 3539 881 3602 cf.
905 3538 1143 3603 Westermann.
1168 3538 1383 3625 Paradoxogr.
1407 3563 1437 3624 p.
1461 3536 1650 3615 xxxvla
1696 3537 1865 3601 Librorum
1887 3550 1993 3601 autem
2015 3539 2141 3610 tabulas
2163 3562 2217 3602 ne·

292 3670 354 3734 que
382 3648 468 3711 hunc
496 3659 572 3732 puto
600 3647 820 3734 suppeditasse
843 3646 1007 3732 Hesychio
1036 3671 1141 3734 neque
1164 3645 1386 3731 Asclepiadem
1410 3647 1611 3734 Myrlcanum
1640 3644 1785 3749 (citatum
1807 3670 1832 3709 s.
1851 3642 1978 3727 Ὀργεδς
2001 3647 2217 3738 Κροτωνιάτης

291 3769 363 3820 ets.
379 3755 553 3836 Πολίμων),
577 3756 630 3843 qui
652 3759 716 3838 περὶ
740 3764 801 3818 τῶν
820 3763 1038 3838 γραμματικῶν
1059 3757 1184 3842 scripsit
1206 3757 1306 3841 primo
1329 3780 1357 3820 a.
1375 3754 1451 3821 Chr.
1475 3781 1505 3819 n.
1529 3756 1655 3819 saeculo
1679 3754 1734 3834 (cf.
1759 3755 1870 3819 Lehrs.
1894 3755 2091 3835 „Herodian
2109 3757 2216 3842 script.

292 3865 357 3929 tri.'’
379 3888 409 3950 p.
433 3865 495 3927 428
518 3862 622 3951 seqq.)
647 3877 678 3929 et
699 3866 801 3951 potuit
823 3887 900 3928 sane
922 3876 1034 3950 poetas
1056 3888 1184 3952 quoque
1206 3865 1373 3950 attingere,
1396 3887 1493 3951 quum
1516 3864 1599 3928 inter
1618 3863 1853 3928 Alexandrinos
1875 3865 1965 3928 multi
1988 3876 2094 3952 essent
2114 3887 2218 3951 gram·

293 3972 400 4037 matici
421 3972 580 4059 iidemque
603 3984 727 4059 poetae,
751 3984 785 4036 ut
807 3972 874 4059 ipse
897 3972 1123 4053 Callimachus,
1146 4009 1188 4018 -
1210 3995 1313 4059 neque
1329 3973 1549 4058 Hermippum,
1572 3973 1627 4060 qui
1649 3972 1689 4036 de
1711 3973 1883 4038 Parthenio
1905 3989 2001 4059 poeta
2024 3972 2089 4058 egit
2112 3971 2221 4054 (Saia

292 4106 317 4145 s.
342 4080 530 4162 Παρθένιος)
559 4082 591 4145 in
618 4082 700 4146 libro
723 4085 787 4164 napi
811 4088 872 4143 τῶν
894 4081 1128 4164 διοπρεψάντων
1149 4083 1180 4142 ἓν
1201 4082 1319 4166 παιδεία
1341 4081 1459 4144 δούλων
1481 4081 1591 4159 (citato
1615 4082 1710 4147 etium
1732 4106 1756 4145 s.
1773 4079 1893 4163 Ἅβρων
1917 4093 1948 4146 et
1970 4079 2153 4164 ο.”Ιοτρος),
2177 4118 2217 4128 -

292 4212 396 4277 neque
427 4190 524 4254 alium
554 4189 713 4275 quendam
737 4190 1010 4276 Dionysiumdqui
1035 4191 1168 4271 Χρονικά
1198 4190 1323 4275 scripsit
1353 4191 1530 4277 citaturque
1559 4192 1658 4255 semel
1687 4213 1711 4253 s.
1735 4187 1900 4272 Εὐριπίδης
1921 4189 2069 4273 τραγικός,
2091 4227 2133 4235 -
2160 4191 2217 4256 sed

294 4322 375 4363 uuus
405 4297 620 4384 suppeditavit
641 4299 816 4384 Dionysius
839 4299 1149 4379 Halicarnasseusis,
1180 4306 1232 4379 τῆς
1252 4307 1398 4380 μουσικῆς
1419 4298 1553 4381 ἱστορίας
1575 4312 1693 4363 auctor.
1737 4298 1821 4363 Nam
1845 4299 1964 4364 indices
1986 4322 2133 4385 operum,
2163 4301 2217 4388 qui

294 4407 421 4494 quidem
436 4407 513 4469 κατά
529 4417 676 4487 στοιχεῖον
690 4408 854 4493 compositi
876 4408 948 4483 sint,
971 4430 1056 4470 nunc
1077 4406 1161 4494 apud
1178 4405 1309 4472 Suidam
1333 4408 1441 4492 paucis
1465 4409 1605 4494 exceptis
1628 4407 1885 4493 philosophorum
1908 4409 1975 4473 fere
1997 4432 2061 4473 non
2083 4409 2218 4495 legimus

294 4515 353 4579 nisi
376 4516 569 4603 tragicorum
593 4517 848 4603 comicorumque
871 4527 902 4580 ct
925 4516 1102 4602 epicorum,
1133 4527 1167 4580 ut
1188 4516 1220 4579 hi
1244 4516 1370 4602 quidem
1392 4514 1512 4580 indices
1535 4540 1626 4580 suum
1649 4516 1707 4580 sibi
1731 4527 1763 4580 et
1784 4516 1945 4601 proprium
1967 4529 2128 4582 auctorem
2153 4517 2219 4582 viu·

294 4623 408 4689 dicent.
454 4624 497 4688 Et
527 4624 770 4689 dramaticorum
800 4625 928 4712 quidem
958 4636 1124 4711 poetarum
1153 4625 1279 4689 tabulas
1308 4646 1405 4711 supra
1428 4624 1590 4689 attulimus
1614 4649 1681 4712 cap.
1704 4624 1760 4704 ll,
1791 4625 1950 4710 epicorum
1973 4637 2102 4712 praeter
2124 4624 2219 4691 Calli·

295 4735 441 4797 machum
471 4733 618 4818 exempla
648 4744 740 4798 sunto
763 4733 918 4798 Nicandri
948 4733 1004 4808 (cf.
1027 4731 1116 4798 Suid.
1139 4757 1163 4797 s.
1188 4758 1234 4810 v.,
1264 4734 1319 4797 ubi
1341 4745 1581 4820 repraesentata
1606 4734 1766 4814 Θηριακῶν
1794 4735 1956 4799 mentione
1986 4735 2108 4822 reliqua
2137 4735 2219 4800 iusto

294 4840 403 4905 ordine
432 4840 636 4921 decurrunt),
666 4840 830 4906 Parthenii
860 4840 966 4920 (Suid.
996 4865 1019 4905 s.
1044 4866 1085 4923 v.,
1116 4843 1168 4906 ubi
1199 4842 1401 4907 scribendum
1430 4842 1571 4907 videtur:
1602 4841 1639 4904 δί
1670 4844 1794 4924 ἐλεγείας
1816 4841 1998 4926 Ἀφροδίτην
2026 4844 2098 4908 coll.
2129 4842 2218 4909 Suid.

294 4972 317 5013 s.
332 4949 463 5030 Θέογνις,
478 4951 659 5030 Σιμωνίδης,
678 4954 836 5031 Τυρταῖος,
853 4974 914 5015 nou
934 4947 960 5010 δ’
980 4951 1117 5033 ἐλεγείας,
1131 4949 1331 5034 Ἀφροδίτην),
1347 4951 1571 5039 Euphorionis.
1595 4951 1693 5038 Atqui
1708 4951 1784 5037 ipsis
1799 4952 1848 5015 his
1864 4963 2028 5038 poetarum
2046 4953 2219 5039 generibus

294 5069 421 5143 praeter
450 5070 572 5124 ceteros
595 5058 751 5124 studuisse
775 5060 963 5146 Dionysium
988 5056 1080 5124 docet
1103 5059 1169 5123 eius
1192 5059 1335 5140 lexicon,
1366 5084 1428 5147 quo
1450 5060 1489 5125 de
1511 5084 1580 5147 cap.
1603 5059 1629 5124 I.
1654 5060 1822 5146 aliquoties
1844 5060 1990 5141 diximus,
2013 5060 2097 5126 unde
2119 5074 2166 5127 tot
2187 5062 2218 5125 in

295 5164 401 5231 Photii
431 5178 463 5232 et
484 5165 604 5233 Suidae
633 5167 736 5232 lexica
764 5180 934 5232 manarunt
962 5177 1128 5254 poetarum
1159 5168 1347 5253 fragmenta.
1393 5166 1454 5233 Cui
1484 5192 1560 5255 orgo
1590 5169 1708 5234 rectius
1734 5169 1916 5256 putabimus
1938 5169 2135 5254 Hesychium
2159 5170 2219 5234 sin·

294 5274 406 5361 gulare
428 5275 511 5341 istud
532 5276 714 5342 tabularum
735 5299 838 5364 genus
861 5275 979 5342 debere
1001 5299 1097 5364 quam
1119 5275 1302 5361 Dionysio?
