4844 6224
1076 413 1385 477 *9-

263 581 304 648 ad
320 606 398 671 quas
413 582 638 648 annitebantur
652 552 809 646 columnis
821 580 927 646 locum
951 590 1057 645 tamen
1076 579 1129 644 diu
1154 590 1291 661 tuentes,
1313 603 1446 668 quarum
1469 579 1695 667 particularum
1718 582 1773 670 qui
1795 607 1870 649 usus
1893 583 1968 649 olim
1989 583 2086 650 fuerit
2107 609 2192 652 nunc

262 692 317 757 vix
340 692 522 757 coniectura
543 713 723 778 assequare.
768 688 877 777 Atque
898 688 961 753 iam
984 688 1198 754 intelleximus
1215 687 1359 771 Suida'm,
1382 689 1457 754 dum
1479 691 1585 778 priore
1606 691 1727 779 impetu
1749 714 1807 779 per
1828 691 2018 761 Callimachi
2039 693 2191 761 librorum
2220 699 2223 712 '

262 801 403 866 tabulam
426 801 541 881 fertur,
572 799 663 864 titulo
687 797 742 886 qui
765 809 814 864 est
835 800 899 882 περὶ
922 804 983 860 τῶν
1005 799 1037 862 ἐν
1058 794 1192 882 Εὐρώπῃ
1215 804 1362 877 ποταμῶν
1383 800 1580 885 pepercisse,
1610 800 1666 865 sed
1689 800 1845 866 delevisse
1866 812 1943 867 tunc
1966 802 2093 890 quidem
2116 827 2192 891 quo·

263 933 334 976 cum
363 909 417 974 ille
446 900 632 975 coniunctus
661 908 720 974 fuit
749 907 876 973 titulum
905 909 970 990 περὶ
992 915 1054 970 τῶν
1075 908 1107 970 ἰν
1128 905 1287 992 οἰκουμένῃ
1308 914 1469 986 ποταμῶν.
1512 906 1635 973 Eadem
1656 909 1754 997 igitur
1776 911 1900 975 ratione
1922 922 1995 977 ante
2016 911 2151 993 Σεμέλην
2172 934 2192 978 a

265 1016 366 1084 Suida
388 1017 538 1083 omissum
560 1028 709 1105 putamus
729 1017 856 1082 maioris
879 1015 1002 1081 titulum
1024 1016 1212 1098 voluminis,
1242 1015 1331 1081 cuius
1352 1015 1469 1096 Σεμέλη
1489 1039 1563 1104 pars
1585 1016 1697 1100 fuerit,
1726 1021 1817 1105 privo
1839 1018 1894 1083 illa
1915 1020 2006 1086 titulo
2028 1021 2190 1087 instructa.

262 1126 314 1192 Ad
332 1125 492 1215 quodnam
509 1136 614 1192 autem
630 1126 779 1191 volumen
792 1125 982 1213 pertinuerit
997 1125 1057 1190 etsi
1071 1124 1104 1189 in
1121 1148 1245 1190 cassum
1261 1125 1452 1212 quaerimus,
1475 1149 1573 1213 quum
1595 1125 1673 1191 nihil
1694 1127 1758 1191 iam
1780 1127 1954 1193 habeamus
1977 1130 2026 1194 cui
2049 1129 2191 1215 legitima

263 1237 447 1302 coniectura
476 1235 651 1322 superstrui
681 1245 793 1322 queat,
822 1258 978 1322 ponamus
1007 1244 1130 1314 tamen,
1158 1227 1222 1298 non
1251 1257 1314 1320 quo
1343 1233 1512 1321 quicquam
1542 1234 1617 1299 inde
1639 1235 1803 1301 collecturi
1825 1237 1939 1319 simus,
1969 1236 2025 1302 sed
2047 1249 2191 1305 atcerte

262 1345 419 1411 rationem
448 1368 512 1409 non
542 1343 654 1408 deesse
682 1343 726 1408 rei
757 1342 1026 1422 demonstremus,
1056 1342 1097 1407 ad
1118 1341 1216 1404 Αἴτνα
1237 1338 1428 1429 pertinuisse
1450 1340 1610 1408 Semelen.
1642 1344 1709 1408 eius
1739 1344 1823 1409 enim
1845 1344 1995 1411 heroinae
2018 1369 2058 1412 ex
2079 1347 2190 1413 inferis

262 1451 420 1535 ἀναγωγὴν
441 1454 587 1517 novimus
611 1452 664 1533 (cl.
688 1451 850 1517 Plutarch.
874 1463 996 1538 quaest.
1020 1449 1139 1517 Graec.
1165 1451 1229 1533 12.)
1250 1474 1336 1517 nono
1359 1474 1485 1538 quoque
1508 1475 1591 1517 anno
1614 1452 1750 1539 Delphis
1772 1453 1926 1519 celebrari
1948 1455 2072 1520 solitam
2094 1456 2191 1522 fuisse

261 1573 335 1649 post
358 1562 444 1650 ipsos
466 1560 625 1649 Apollinis
647 1559 754 1646 Pythii
777 1562 873 1625 festos
886 1560 967 1625 illos
989 1559 1057 1625 dies
1078 1560 1193 1648 quibus
1210 1559 1293 1636 ,deus
1316 1560 1496 1646 lingebatur
1523 1561 1563 1625 ob
1585 1560 1786 1627 interfectum
1810 1562 1980 1629 draconem
2003 1563 2129 1652 fugiens
2150 1564 2190 1630 ad

262 1672 301 1735 ul
327 1670 435 1751 Τέμπη
459 1681 499 1750 et,
523 1693 620 1758 quum
643 1671 794 1735 lustratus
817 1680 909 1751 esset,
932 1669 1034 1735 redux
1055 1670 1179 1735 laurum
1201 1668 1275 1733 inde
1297 1679 1471 1756 reportans.
1496 1693 1558 1756 quo
1574 1667 1614 1733 de
1636 1694 1734 1758 quum
1757 1669 1989 1738 aCallimacho
2012 1673 2191 1759 expositum

261 1780 305 1845 sit
326 1780 358 1845 in
380 1780 501 1842 Αἰτίων
523 1779 605 1844 libro
628 1789 751 1866 quarto,
774 1790 809 1844 ut
829 1778 1036 1864 probavimus
1056 1777 1267 1865 „Prolegom
1290 1778 1322 1841 in
1335 1776 1533 1843 -Callimachi
1555 1779 1676 1841 Αἰτίων
1697 1780 1836 1867 fragrn.⁴'
1857 1803 1890 1867 p.
1912 1783 1959 1864 4.,
1989 1781 2092 1868 potuit
2112 1804 2190 1847 sane

119 1922 124 1935 ·
159 1893 162 1896 ’
261 1888 378 1954 ibidem
406 1888 522 1968 Σεμέλη
551 1889 656 1953 locum
684 1888 811 1953 habere.
844 1922 885 1933 -
914 1887 1039 1951 Deinde
1069 1886 1219 1974 quoniam
1245 1883 1380 1960 Ἐλπίδες
1407 1886 1596 1952 interiacent
1621 1888 1705 1952 inter
1726 1891 1865 1951 Γλαῦκον
1886 1901 1918 1955 et
1939 1888 2098 1973 δράματα,
2127 1889 2190 1956 illis

262 1997 463 2085 quaerendus
493 1998 655 2084 generalis
686 1996 814 2085 quidam
837 1997 947 2062 titulus
970 2006 1018 2061 est
1039 1996 1094 2083 qui
1117 1996 1237 2082 etipse
1257 1995 1388 2082 incipiat
1408 1995 1477 2060 sive
1499 2019 1518 2060 a
1539 1996 1631 2061 litera
1652 1984 1759 2078 {sive
1780 1984 1849 2064 ad.
1901 1997 1986 2062 Eum
2015 1997 2041 2062 si
2070 1999 2189 2075 „truv-

168 2113 174 2120 '
262 2107 398 2190 ραμβσι”
428 2107 526 2171 fuisse
558 2106 647 2186 dico,
676 2107 737 2171 hoc
766 2128 895 2193 quoque
920 2128 983 2170 non
1006 2105 1107 2169 aliam·
1124 2105 1243 2169 habere
1265 2104 1330 2169 vim
1353 2105 1424 2169 volo
1448 2115 1543 2192 atque
1565 2106 1691 2192 qualem
1715 2106 1868 2192 exemplis
1890 2106 2030 2172 tribuere
2052 2108 2190 2173 solemus

262 2238 326 2280 non
356 2239 397 2280 ex
424 2215 494 2300 ipso
524 2209 653 2302 quidem
681 2214 841 2279 communi
872 2214 955 2279 vitae
984 2237 1044 2279 usu
1066 2213 1224 2301 repetitis,
1254 2213 1310 2278 sed
1333 2213 1456 2278 affabre
1477 2225 1583 2279 tamen
1605 2213 1696 2278 fictis.
1724 2214 1804 2301 fingi
1826 2223 1932 2279 autem
1954 2215 2034 2300 illud
2056 2239 2075 2281 a
2096 2216 2190 2281 nobis

262 2347 327 2389 non
350 2335 471 2389 temere
491 2323 566 2388 inde
587 2334 692 2410 patet,
714 2322 799 2410 quod
822 2321 1054 2388 Callimachum
1077 2322 1221 2388 videmus
1242 2321 1282 2386 ad
1304 2323 1457 2410 pleraque
1479 2323 1584 2409 poesis
1605 2314 1728 2410 genera
1750 2322 1888 2388 animum
1911 2325 2072 2411 appulisse
2094 2335 2189 2413 atque

262 2432 343 2497 adeo
358 2431 539 2519 tragoedias
556 2442 587 2498 et
608 2432 788 2497 comoedias
811 2432 837 2496 si
858 2455 922 2498 non
945 2453 1091 2512 scaenae,
1115 2441 1147 2495 at
1169 2430 1399 2518 elegantiarum
1420 2441 1526 2496 tamen
1548 2430 1711 2496 hominum
1732 2432 1850 2496 muscis
1871 2432 2044 2518 scripsisse.
2082 2434 2190 2522 Atque

257 2541 344 2612 idem
372 2543 425 2606 vel
453 2552 526 2628 post
548 2539 736 2606 Callimachi
759 2551 896 2606 aetatem
918 2541 951 2606 in
973 2540 1175 2626 dithyrambo
1197 2539 1365 2607 scribendo
1388 2539 1551 2605 consilium
1572 2551 1701 2606 secutus
1724 2551 1772 2606 est
1792 2539 2030 2624 Theudoridas,
2060 2542 2191 2629 Eupho·

262 2650 360 2715 rionis
380 2661 496 2735 poetae
518 2629 660 2738 aequalis
683 2651 740 2732 (cf.
763 2649 904 2716 Meinelr.
926 2649 1103 2732 „Analect
1127 2647 1247 2714 Alex.”
1266 2672 1297 2736 p.
1323 2650 1403 2728 18.),
1434 2647 1473 2713 de
1501 2672 1564 2736 quo
1586 2647 1742 2715 videndus
1766 2648 1957 2737 Bernhardy
1977 2649 2121 2731 „Hister
2144 2650 2189 2716 lit.

264 2756 398 2824 Graec.”
421 2758 465 2839 II,
491 2762 517 2823 1.
540 2781 570 2845 p.
587 2760 659 2823 677.
683 2759 731 2824 ed.
748 2760 778 2823 2.
802 2783 841 2814 =
864 2784 895 2847 p.
911 2759 983 2824 556.
1008 2757 1057 2823 ed.
1079 2754 1132 2838 1.).
1155 2768 1248 2823 etue
1270 2757 1340 2844 quis
1358 2756 1506 2819 Ἐλπίδων
1526 2757 1651 2822 titulum
1674 2781 1693 2822 a
1715 2757 1915 2845 dithyrambo
1937 2767 2029 2845 putet
2050 2759 2190 2825 alienum

264 2891 344 2948 esse,
366 2867 545 2933 meminerit
564 2869 696 2930 Δεῖπνον
714 2867 953 2956 'dithyrambum
976 2890 996 2931 a
1016 2865 1194 2931 Philoxeno
1217 2867 1346 2932 iactum.
1375 2901 1417 2911 -
1445 2863 1612 2931 Postremo
1634 2865 1802 2932 dicendum
1826 2865 1867 2933 de
1887 2867 1997 2947 μέλεσι,
2021 2891 2104 2956 quae
2126 2891 2201 2933 vox·

263 2999 360 3063 quum
383 2977 478 3062 paulo
500 2977 683 3062 generalior
704 2976 753 3058 sit,
776 3000 796 3041 a
818 2974 918 3042 Suida
939 2986 1028 3063 patet
1048 2976 1305 3062 praetermissum
1327 2997 1444 3040 nomen
1467 2972 1595 3061 aliquod
1617 2974 1799 3059 definitum,
1830 3000 1892 3064 quo
1914 2976 1999 3042 illius
2020 2976 2108 3042 notio
2131 2976 2197 3043 cir·.

263 3085 546 3166 cumscribebatur,
569 3084 664 3173 idque
686 3086 730 3151 ita
753 3096 979 3172 comparatum,
1011 3095 1046 3149 ut
1067 3107 1138 3150 cum
1162 3082 1221 3150 hoc
1243 3084 1435 3170 compositus
1457 3082 1566 3147 titulus
1588 3084 1693 3148 locum
1714 3084 1759 3148 ibi
1781 3085 1924 3150 invenire
1946 3086 2093 3172 potuerit.
2123 3085 2189 3150 tale

263 3205 369 3258 autem
400 3204 448 3258 est
476 3193 658 3276 lpwrrxcl,
689 3206 720 3259 et
749 3194 876 3260 tametsi
904 3193 1031 3278 ἐρωτικά
1057 3192 1134 3273 μέλη
1162 3192 1324 3279 scripsisse
1347 3191 1579 3258 Callimachum
1607 3191 1735 3256 aliunde
1761 3216 1826 3258 non
1848 3204 1998 3259 testatum
2020 3194 2186 3276 habemus,

262 3301 331 3388 ipse
359 3312 467 3368 tamen
495 3303 528 3369 ni
556 3303 649 3368 fallor
676 3313 776 3391 poeta
800 3303 890 3369 testis
919 3313 983 3384 est,
1013 3302 1101 3368 cuius
1130 3302 1215 3367 iuter
1239 3301 1421 3388 fragmenta
1443 3309 1517 3368 sunt
1538 3322 1621 3387 quae
1643 3300 1719 3366 satis
1742 3311 1828 3368 certo
1850 3302 1913 3368 huc
1934 3303 2071 3385 referas,
2102 3303 2189 3368 velut

262 3412 300 3476 fr.
326 3409 446 3478 CXCI.

768 3519 822 3584 τόν
842 3544 880 3600 με
901 3520 1121 3602 παλαιστρι’ταν
1142 3515 1257 3599 ὀμόσας
1280 3517 1352 3581 θεὸν
1373 3513 1493 3591 ἑπτάκις
1514 3509 1658 3601 φιλήσων.

263 3626 502 3694 mmfflss

770 3733 859 3799 ἔνεστ’
874 3734 1029 3800 Ἀπόλλων
1050 3743 1096 3823 τῷ
1113 3737 1214 3822 χορῷ·
1236 3742 1290 3817 τῆς
1311 3734 1402 3817 λύρης
1423 3731 1539 3797 ἀκούω·

767 3849 816 3908 καὶ
840 3854 901 3909 τῶν
920 3844 1057 3928 Ἐρώτων
1078 3843 1232 3929 ᾐσθόμην,
1253 3843 1316 3907 ἔστι
1338 3841 1517 3927 κάφροδίτη.

263 3966 296 4019 et
318 3954 356 4018 fr.
381 3951 539 4019 CXVIII.

770 4064 789 4146 ἡ
809 4073 880 4139 παῖς
901 4062 920 4145 ἦ
940 4063 1158 4140 κατάκλειστος,

771 4174 826 4255 τὴν
847 4175 878 4235 o‘l
897 4195 973 4256 qnos
994 4169 1126 4245 τεκόντες

768 4279 902 4356 advertor
923 4279 1088 4364 ὄαρισμούς

769 4390 870 4471 ἴχθειν
891 4386 957 4452 ἶσον
978 4387 1109 4475 ὀλέθρῳ.

364 4499 426 4564 His
442 4497 617 4587 profligatis
631 4500 727 4587 paulo
744 4499 992 4564 emendatiorem
1007 4510 1081 4564 ante
1096 4499 1206 4563 oculos
1220 4520 1376 4585 ponamus
1390 4519 1454 4562 non
1467 4496 1627 4584 integram
1645 4496 1773 4586 quidem
1787 4497 1939 4578 tabulam,
1962 4496 2018 4562 sed
2036 4497 2186 4585 exiguam

262 4608 346 4674 illius
372 4609 560 4695 particulam
588 4631 658 4673 earn
688 4632 783 4695 quarn
806 4607 922 4674 Suidas
945 4607 1125 4694 descripsit,
1155 4607 1188 4671 in
1210 4629 1273 4694 qua
1295 4616 1445 4693 quantam
1467 4605 1622 4671 iacturam
1645 4606 1812 4672 fecerimus
1833 4608 1885 4672 vel
1907 4629 1944 4672 eo
1965 4618 2072 4694 patet,
2101 4606 2186 4695 quod

264 4715 453 4785 Callimachi
468 4717 567 4783 libros
580 4714 790 4803 plus'Dccc
808 4716 905 4782 fuisse
928 4714 1045 4785 Suidas
1065 4716 1238 4803 praefatur.
1262 4724 1293 4781 et
1314 4737 1506 4804 quamquam
1529 4714 1562 4780 in
1584 4715 1622 4780 iis
1645 4716 1739 4781 etiam
1761 4716 1904 4804 singulos
1925 4715 1979 4802 qui
2003 4717 2034 4781 in
2058 4739 2186 4805 quoque
2276 4759 2280 4770 ι

262 4825 424 4892 volumine
455 4825 612 4891 coniuncti
642 4837 732 4891 erant
760 4826 859 4892 libros
887 4836 1070 4891 numeratos
1097 4825 1193 4889 fuisse
1214 4834 1379 4911 putamus,
1408 4823 1461 4888 vel
1483 4823 1528 4889 sic
1549 4833 1657 4891 tamen
1681 4834 1802 4890 certum
1825 4834 1873 4890 est
1895 4821 2026 4889 Suidam
2047 4837 2184 4909 praeter·

261 4935 384 5001 misisse
399 4934 570 5022 plurimos.
594 4957 727 5023 quorum
744 4957 801 4999 nos
816 4935 842 4999 si
865 4934 918 5022 qui
941 4935 1022 4998 forte
1044 4932 1172 4999 aliunde
1193 4933 1370 5014 innotuere,
1392 4933 1514 4998 nullum
1535 4941 1644 4998 tamen
1665 4934 1796 4999 tabulae
1818 4931 1996 5014 reddemus,
2018 4957 2079 4999 nec
2101 4935 2186 5024 quic·

263 5067 359 5131 quam
381 5043 508 5108 omnino
530 5041 683 5108 addemus
705 5042 765 5108 nisi
786 5043 840 5108 ubi
862 5041 903 5107 ad
924 5041 1165 5130 intelligendam
1185 5065 1253 5107 rem
1275 5041 1490 5107 necessarium
1512 5041 1563 5107 sit.
1594 5064 1633 5106 ea
1655 5051 1760 5107 autem
1782 5040 1999 5107 additamenta
2020 5043 2075 5108 ubi
2098 5053 2186 5109 certa

160 5232 166 5243 .
262 5162 347 5234 sunt,
368 5151 493 5217 uncinis
515 5151 667 5234 rotundis,
696 5151 751 5217 ubi
772 5151 903 5233 incerta,
931 5149 1093 5239 quadratis
1116 5151 1352 5238 circumscripta
1373 5151 1541 5216 voluimus.
1571 5161 1737 5237 praeterea
1758 5151 1925 5217 asteriscos
1946 5151 2108 5237 posuimus
2130 5150 2184 5215 ubi

261 5259 370 5327 titulos
392 5260 547 5349 quosdam
569 5284 588 5325 a
610 5258 712 5327 Suida
734 5260 867 5326 omissos
888 5282 958 5326 esse
979 5261 1033 5327 vel
1055 5282 1096 5326 ex
1117 5259 1188 5348 ipsa
1207 5281 1243 5325 re
1264 5259 1467 5326 manifestum
1489 5260 1542 5326 vel
1563 5257 1691 5325 aliunde
1713 5268 1835 5340 certum
1858 5273 1914 5328 est.

1966 5383 1984 5436 2
