4844 6224
1048 381 1355 443 -4—

244 575 339 618 nemo
362 550 561 631 assentietur,
581 549 643 615 nisi
664 549 691 615 si
712 549 799 637 prius
820 547 1028 635 probabiliter
1049 545 1297 612 demonstratum
1321 546 1378 627 sit,
1407 543 1462 632 qui
1484 542 1553 609 fieri
1574 541 1729 630 potuerit,
1758 551 1802 622 ut,
1831 564 1928 629 quum
1950 541 2051 607 multo
2072 541 2166 629 plura

245 660 374 748 reliquis
396 659 543 726 omnibus
565 650 780 745 grammaticis
796 655 913 722 Suidas
935 656 1050 741 legerit
1069 656 1191 721 scilieet
1206 651 1395 720 Callimachi
1417 675 1525 741 opera,
1546 663 1653 719 minen
1674 649 1749 715 inde
1770 651 1837 716 fere
1859 673 1922 715 non
1945 650 2086 716 attulerit
2106 649 2167 715 nisi

246 790 327 856 quae
349 767 434 854 apud
455 767 526 832 illos
548 789 676 853 quoque
698 767 856 853 legantur.
900 764 945 830 Et
967 772 1002 828 ut
1022 764 1158 850 hymnos
1181 761 1296 827 Suidas
1318 761 1449 848 legerit,
1479 782 1624 849 quorum,
1654 758 1679 823 si
1701 759 1869 835 voluisset,
1899 758 2002 846 potuit
2024 759 2053 824 ei
2074 759 2194 847 copia.

247 898 333 957 esse,
362 898 458 963 quum
488 874 646 962 hodieque
675 873 851 961 supersint,
874 909 915 920 -—
945 883 980 937 ut
1006 871 1120 958 legerit
1141 870 1286 936 Hecales
1316 880 1348 934 st
1369 868 1479 948 Aetia,
1508 891 1592 956 quae
1613 867 1655 932 ad
1675 866 1838 932 Anastasii
1860 880 1947 933 certe
1966 867 2167 955 imperatoris

245 993 389 1070 tempora
410 976 624 1070 perdurarunt
646 980 700 1064 (ef.
725 980 862 1047 Suid.-s.
883 978 1077 1063 Μαριανύς),
1099 1014 1139 1024 -
1169 979 1240 1067 quis
1262 977 1395 1043 suidam
1425 974 1535 1042 credat
1564 974 1664 1041 oculis
1693 975 1758 1039 suis
1781 974 1897 1040 vidisse
1919 986 1950 1040 et
1970 976 2003 1040 in
2025 975 2168 1042 tabulam

247 1091 407 1157 rettulisse
424 1089 502 1165 Ἰοῦς
522 1088 639 1175 ἄφιξιν,
668 1089 815 1171 Σεμέλην,
844 1092 996 1165 Γλαῦκον,
1026 1091 1198 1164 Μουσεῖον,
1227 1086 1357 1152 totalis
1379 1083 1567 1151 Callimachi
1590 1107 1706 1170 opera,
1735 1106 1869 1170 quorum
1890 1095 2113 1172 praeterquam
2135 1084 2167 1148 in

247 1199 358 1266 tabula
385 1198 440 1264 illa
468 1198 592 1263 nullum
621 1199 673 1263 vel
700 1197 919 1263 tenuissimum
946 1196 1031 1281 apud
1061 1197 1139 1262 alios
1169 1195 1338 1280 scriptores
1361 1193 1530 1282 vestigium
1552 1202 1657 1274 extat,
1686 1203 1721 1257 ut
1741 1203 1864 1258 mature
1886 1192 2053 1258 videantur
2075 1216 2093 1257 s
2115 1190 2169 1257 do·

248 1316 369 1374 ntorum
391 1306 563 1372 hominum
575 1306 722 1371 manibus
744 1305 960 1391 memoriaque
982 1304 1138 1370 excidisse
1160 1315 1254 1391 atque
1276 1302 1459 1368 interiisse?

1184 1485 1229 1550 II.

349 1606 410 1671 His
431 1605 577 1671 omnibus
598 1603 801 1684 adducimur,
830 1612 865 1668 ut
886 1603 926 1668 ah
949 1602 1079 1690 antiquo
1101 1601 1207 1690 aliquo
1229 1602 1436 1688 grammatico
1459 1625 1589 1690 operum
1613 1600 1901 1668 Callimacheorum
1922 1602 2066 1668 tabulam
2088 1624 2169 1667 com-

248 1715 400 1801 positam,
428 1712 568 1780 aSuida
590 1725 696 1778 autem
718 1735 869 1799 perverse
892 1721 1075 1798 excerptam
1097 1720 1253 1798 putamus.
1282 1721 1464 1798 excerptam
1487 1709 1568 1792 dixi,
1589 1733 1654 1802 non
1676 1709 1876 1797 descriptam.
1905 1711 1999 1776 aliter
2020 1710 2104 1775 anim
2125 1710 2171 1775 in·

248 1821 349 1910 telligi
363 1820 475 1910 nequit
495 1819 651 1909 quomodo
673 1821 790 1886 factum
814 1821 863 1902 sit,
885 1831 920 1884 ut
941 1830 1067 1907 praeter
1089 1818 1151 1883 alia
1172 1817 1204 1884 in
1225 1818 1281 1883 illa
1303 1819 1412 1883 tabula
1434 1817 1654 1883 desiderentur
1674 1819 1791 1900 ἐλεγεῖα,
1813 1842 1875 1907 quo
1899 1820 1931 1883 in
1952 1841 2073 1905 genere
2095 1819 2170 1885 olim

247 1929 395 2018 princeps
417 1929 597 1994 habebatur
620 1927 845 2010 Callimachus,
867 1938 934 1992 tum
955 1926 1061 2003 Λίτια,
1079 1925 1194 2007 Ἑκάλη,
1217 1927 1288 2007 alia,
1310 1951 1444 2015 quorum
1466 1927 1541 1992 item
1564 1925 1649 2014 apud
1671 1938 1796 1993 veteres
1817 1950 1936 2014 magna
1957 1928 2026 1991 laus
2048 1938 2117 1992 erat
2139 1938 2172 1992 et

145 2038 150 2047 '
249 2038 398 2125 frequens
426 2037 589 2102 memoria.
634 2034 700 2102 Sed
729 2035 874 2124 quamvis
902 2058 1002 2121 prave
1024 2032 1141 2100 Suidas
1161 2035 1194 2099 in
1218 2032 1419 2122 excerpendo
1441 2045 1584 2099 versatus
1606 2035 1663 2115 sit,
1693 2035 1745 2100 vel
1761 2035 1813 2101 sic
1835 2046 1941 2100 tamen
1964 2034 2004 2099 de
2024 2035 2171 2120 integrae

248 2146 378 2211 tabulae
404 2147 507 2211 forma
537 2142 693 2232 quaedam
715 2142 798 2208 haud
820 2142 953 2230 indigna
974 2142 1055 2207 scitu
1076 2165 1182 2229 neque
1203 2143 1326 2208 inutilia
1348 2143 1473 2230 assequi
1496 2142 1679 2208 coniectura
1700 2165 1877 2229 possumus.
1922 2142 1997 2208 Fuit
2019 2124 2102 2209 enirn
2126 2165 2172 2209 se·

197 2279 200 2285 ’
249 2253 388 2319 cundum
401 2253 564 2318 literarum
580 2251 722 2316 ordinem
737 2251 805 2317 sive
818 2252 896 2313 κατὰ
909 2259 1063 2331 στοιχεῖον,
1085 2261 1120 2315 ut
1134 2261 1258 2316 veteres
1279 2252 1463 2338 loquuntur,
1486 2251 1670 2337 composita,
1692 2273 1757 2316 non
1778 2250 1823 2316 ita
1844 2261 1960 2333 tamen,
1984 2263 2019 2317 ut
2031 2252 2171 2316 omnium

249 2360 398 2447 deinceps
413 2382 527 2425 vocum
544 2360 782 2438 elementorum,
806 2359 862 2424 ssd
885 2359 977 2424 unius
997 2359 1119 2447 primae
1139 2359 1249 2424 literas
1270 2371 1306 2424 ut
1327 2358 1407 2424 ratio
1429 2358 1540 2423 hahita
1561 2359 1611 2424 sit.
1655 2359 1705 2424 lta
1728 2359 1958 2447 eonformatum
1980 2360 2077 2424 fuisse
2094 2359 2171 2425 Hel-

249 2467 325 2534 ladii
339 2468 465 2533 lexicon
481 2479 614 2549 constat,
637 2466 721 2555 quod
737 2466 870 2532 Photius
882 2467 1034 2533 Biblioth.
1058 2465 1128 2533 cod.
1154 2467 1223 2530 145.
1247 2466 1322 2532 dicit
1343 2464 1379 2528 ού
1399 2466 1477 2529 κατά
1497 2465 1598 2541 πάσας
1618 2467 1674 2541 τάς
1694 2466 1850 2546 συλλαβάς
1871 2467 1926 2548 τήν
1947 2475 2003 2530 τοῦ
2022 2468 2171 2548 στοιχείου

249 2574 334 2652 τάξιν
361 2574 537 2658 φυλάττειν,
566 2573 641 2637 ἀλλὰ
667 2576 746 2639 κατὰ
773 2574 871 2655 μάνην
897 2575 953 2656 τήν
981 2573 1145 2657 ἄρχουσαν.
1175 2572 1290 2640 deinde
1318 2576 1364 2639 ita
1392 2574 1605 2640 conformatas
1632 2575 1787 2640 hahemus
1817 2575 1999 2641 etiamnunc
2027 2575 2171 2641 Erotiani

249 2685 373 2771 glossas
393 2683 643 2770 Hippocrateas,
672 2683 825 2748 Moeridis
854 2682 944 2758 λίξεις
964 2681 1108 2746 Ἀττικῶν
1134 2686 1183 2745 καὶ
1208 2682 1373 2765 Ἑλλήνων,
1403 2681 1563 2748 Theoduli
1590 2682 1657 2748 sive
1685 2683 1831 2749 Thomas
1853 2684 1999 2770 Magistri
2027 2685 2171 2771 eclogam

249 2810 366 2857 vocum
391 2791 585 2872 Atticarum,
615 2790 743 2857 Orionis
766 2790 914 2856 Thebani
945 2791 1197 2877 etymologicon,
1227 2791 1289 2855 alia
1316 2790 1615 2878 lexicographorum
1643 2814 1741 2878 opera
1768 2793 1822 2872 (cf.
1852 2792 1977 2857 Ritschl
2005 2793 2104 2880 praef.
2131 2792 2172 2857 ad

249 2900 460 2988 Theodulqp.
484 2898 604 2978 xvh).
647 2899 748 2965 Porro
778 2898 888 2964 eadem
918 2899 991 2986 lege
1012 2899 1197 2965 Athenaeus
1219 2898 1301 2979 VII,
1324 2923 1355 2985 p.
1379 2900 1441 2964 282
1463 2922 1551 2987 seqq.
1581 2901 1759 2986 composuit
1779 2901 1911 2986 piscium
1923 2900 2086 2981 indicem,
2110 2899 2171 2982 XI,

249 3031 280 3095 p.
298 3009 360 3072 782
373 3030 462 3096 seqq.
479 3009 659 3095 catalogum
682 2988 832 3072 vasorum
853 3008 1093 3094 potatoriorum,
1116 3018 1148 3073 et
1170 3017 1204 3072 ut
1226 3007 1296 3072 aliis
1319 3007 1443 3072 omissis
1464 3006 1580 3072 addam
1602 3031 1685 3094 quae
1706 3009 1809 3096 magis
1831 3008 1872 3073 ad
1894 3033 1960 3073 rom
1982 3009 2172 3097 pertineant,

250 3115 292 3181 ad
313 3114 446 3181 eandem
469 3138 613 3180 normam
635 3115 790 3180 hahemus
805 3114 959 3201 Aeschyli
981 3115 1158 3181 dramatur'n
1179 3114 1315 3181 indicam
1338 3115 1457 3181 factum
1478 3115 1512 3181 in
1534 3116 1662 3181 scholiis
1684 3116 1837 3182 Mediceis
1858 3141 1890 3205 p.
1913 3118 1942 3183 9.
1965 3117 2075 3199 Dind,
2095 3117 2172 3182 item

249 3223 412 3312 Euripidis
432 3224 464 3288 in
485 3244 644 3289 marmore
666 3224 794 3288 Albano
817 3222 873 3304 (cf.
890 3223 1037 3288 Wellreri
1049 3222 1288 3311 Tragodurnen.
1304 3223 1331 3304 I,
1353 3247 1384 3308 p.
1401 3224 1472 3287 444.
1496 3235 1528 3289 et
1549 3224 1705 3290 Boeckhii
1726 3223 1845 3312 „corp
1868 3224 2015 3312 Inscript
2039 3224 2172 3292 Graee.”
2232 3279 2236 3282 »

250 3331 314 3413 ΠΙ,
336 3354 366 3419 p.
388 3331 485 3414 831.),
508 3333 584 3397 item
606 3331 758 3397 librorum
782 3330 1094 3417 Theophrasteorum
1116 3331 1253 3397 indicem
1275 3331 1331 3420 qui
1353 3342 1441 3396 extat
1462 3331 1545 3419 apud
1567 3333 1748 3419 Diogenem
1770 3333 1878 3399 Laert.
1900 3333 1941 3415 V,
1963 3336 2111 3414 424-8,
2133 3333 2173 3401 de

252 3463 314 3527 quo
337 3449 486 3505 accurate
507 3462 609 3527 nuper
631 3438 802 3527 disputavit
822 3440 959 3520 Usener,
988 3439 1164 3520 „Analect
1188 3439 1426 3526 Theophrast”
1448 3463 1478 3526 p.
1505 3440 1543 3504 13
1558 3463 1648 3529 seqq.
1693 3438 1759 3506 Sed
1781 3441 1919 3507 omnium
1941 3442 2079 3515 maxima
2101 3467 2174 3508 cum

251 3558 360 3612 nostra
389 3571 485 3612 causa
516 3547 717 3614 coniunctum
746 3548 807 3613 hoc
836 3559 901 3628 est,
931 3546 1016 3636 quod
1046 3550 1141 3613 etiam
1169 3549 1301 3613 aliorum
1329 3548 1450 3636 aliquot
1471 3548 1659 3636 scriptorum
1682 3548 1837 3616 indiculos
1859 3573 1991 3638 operum
2012 3552 2067 3639 qui
2089 3551 2173 3640 apud

252 3652 385 3720 Suidam
406 3656 558 3741 leguntur
579 3654 690 3720 eadem
712 3657 785 3741 lege
807 3656 998 3742 compositos
1020 3654 1184 3720 habemus.
1227 3655 1328 3720 Velut
1349 3679 1375 3720 s.
1392 3654 1573 3740 Λυκόφρων
1594 3659 1673 3727 haee
1696 3659 1832 3746 legimus
1854 3656 1938 3745 apud
1961 3657 2109 3725 Suidam:
2134 3697 2173 3708 -

251 3765 306 3826 εἰσὶ
329 3762 362 3824 δὲ
385 3761 416 3824 αἱ
436 3764 601 3849 τραγῳδίαι
622 3761 717 3826 αὐτοῦ
738 3762 869 3840 Αἰόλος,
889 3761 1092 3846 Ἀνδρομέδα,
1113 3761 1247 3845 Ἀλήτης,
1275 3765 1433 3844 Αἰολίδης,
1461 3763 1637 3847 Ἐλεφήνωρ,
1664 3765 1821 3847 Ἡρακλῆς,
1848 3765 1962 3842 Ἱκέται,
1987 3766 2173 3843 Ἱππόλυτος,

251 3872 469 3961 Κασσανδρεῖς,
498 3871 611 3948 Λάιος,
640 3870 858 3954 Μαραθώνιοι,
886 3871 1051 3946 Ναύπλιος,
1077 3871 1223 3946 Οἰδίπους
1244 3871 1281 3947 α’,
1302 3872 1342 3951 β’,
1360 3870 1518 3955 Ὀρφανύς,
1540 3874 1688 3954 Πενθεύς,
1710 3875 1887 3952 Πελοπίδαι,
1907 3875 2081 3956 Σύμμαχοι,
2106 3881 2174 3957 Τη-

251 3981 384 4062 λίγονος,
412 3977 603 4061 Χρύσιππος.
632 3991 664 4045 et
692 4004 717 4044 s.
744 3983 892 4060 Φιλοκλῆς
912 3980 1143 4053 Πολυπείθουςε
1167 4016 1208 4025 -
1236 3979 1348 4063 ἔγραψε
1377 3982 1547 4068 τραγῳδίας
1573 3981 1614 4066 ρ’,
1644 3971 1688 4045 ὧν
1715 3984 1778 4046 ίστι
1804 3986 1853 4046 καλ
1881 3991 1998 4047 ταῦτα·
2025 3981 2174 4067 Ἠριγόνη,

252 4088 417 4163 Ναύπλιος,
443 4089 597 4164 Οἰδίπους,
623 4087 735 4162 Οἰνεύς,
756 4089 908 4171 Πρίαμος,
929 4086 1099 4168 Πηνελόπη,
1126 4088 1321 4170 Φιλοκτήτης.
1345 4101 1377 4155 et
1392 4086 1660 4172 ε.Ἅριστοφάνηςτ
1686 4090 1893 4175 -δράματα
1907 4089 2002 4155 αὐτοῦ
2015 4093 2078 4172 μδ’.
2100 4091 2175 4177 άπερ

253 4197 286 4258 δὲ
308 4196 500 4277 πεπράχαμεν
522 4197 556 4278 (i.
581 4219 607 4261 e.
629 4196 809 4283 „hodieque
830 4197 992 4281 legimus''.
1016 4197 1056 4261 cf.
1078 4196 1221 4262 Meinelr.
1244 4195 1388 4278 „Comic
1412 4195 1546 4262 Graec.''
1568 4198 1594 4278 Ι,
1618 4222 1647 4285 p.
1671 4198 1759 4280 560.)
1774 4198 2012 4284 Ἀριστοφάνους
2033 4201 2176 4285 δράματα

252 4312 358 4378 ταῦτα,
372 4302 532 4388 Ἀχαρνεΐς,
546 4304 713 4387 Βάτραχοι,
729 4304 852 4387 Εἰρήνη,
871 4303 1138 4386 Ἑκκλησιάζουσαι,
1161 4305 1473 4388 Θεσμοφοριάζουσαι,
1494 4304 1611 4383 Ἱππεΐς,
1632 4308 1848 4391 Λυσιστράτη,
1870 4309 2012 4392 Νεφέλαι,
2024 4307 2175 4395 Ὄρνιθες,

253 4416 409 4488 Πλοῦτος,
431 4417 557 4495 Σφῆκτς.
587 4436 669 4500 quae
698 4424 867 4502 propterea
896 4413 991 4478 etiam
1017 4413 1171 4478 memoria
1200 4413 1385 4500 dignissima
1414 4424 1504 4496 sunt,
1532 4416 1680 4503 quoniam
1712 4429 1822 4504 aparte
1850 4417 1967 4483 docent
1986 4443 2050 4485 non
2073 4420 2175 4507 ipsum

252 4520 386 4588 Suidam
415 4521 473 4585 hos
503 4522 717 4609 composuisse
746 4521 912 4587 indiculos.
957 4520 1021 4600 Qui
1050 4546 1147 4609 quum
1176 4522 1208 4586 in
1230 4531 1296 4587 toto
1320 4521 1485 4588 condendo
1507 4524 1609 4588 lexico
1633 4547 1671 4590 ea
1692 4526 1765 4613 legs
1787 4549 1862 4591 usus
1884 4528 1939 4605 sit,
1969 4540 2088 4593 utnon
2109 4530 2177 4594 vul-

251 4654 361 4717 garem
391 4641 423 4695 et
451 4630 491 4694 ab
522 4630 668 4695 omnibus
697 4641 861 4716 receptum
889 4630 1052 4695 literarum
1082 4630 1225 4695 ordinem
1254 4642 1420 4719 sequatur,
1448 4631 1505 4696 sed
1526 4633 1650 4718 glossas
1671 4633 1843 4699 secundum
1866 4635 1954 4722 leges
1975 4633 2178 4716 ἀντιστοιχίας
2259 4651 2269 4657 ·

252 4737 392 4818 ordinet,
424 4739 512 4803 cuius
534 4736 614 4803 hasc
636 4748 684 4803 est
705 4732 875 4818 ratio,‘ut¹
890 4760 930 4803 ex
951 4762 1099 4804 sonorum
1122 4738 1275 4804 affinitate
1298 4750 1329 4804 et
1351 4737 1391 4803 ad
1414 4737 1588 4804 docendam
1601 4763 1725 4811 ‚vocum
1747 4754 1867 4808 rectam
1889 4744 2177 4831 pronuntiationem

252 4846 313 4911 hoc
329 4870 364 4911 se
379 4846 490 4912 ordine
504 4846 616 4911 literae
632 4845 807 4933 excipiant:
830 4872 858 4922 α,
879 4852 910 4926 β,
932 4871 958 4928 y,
981 4848 1008 4923 δ,
1031 4872 1071 4928 αι,
1093 4871 1114 4922 ε,
1137 4847 1161 4923 ζ,
1182 4870 1215 4923 ει,
1237 4871 1264 4927 η,
1287 4872 1305 4922 ¹,
1329 4850 1362 4923 θ,
1383 4871 1409 4921 κ,
1431 4851 1458 4923 λ,
1478 4872 1512 4926 μ,
1534 4873 1558 4924 o,
1581 4852 1605 4924 ξ,
1629 4872 1654 4924 ⁰,
1677 4873 1711 4925 w,
1732 4876 1764 4927 π,
1785 4875 1813 4932 ρ,
1835 4875 1863 4928 0,
1885 4865 1912 4928 τ’,
1934 4877 1971 4929 ⁰1,
1994 4879 2022 4930 v,
2044 4876 2076 4935 φ,
2095 4877 2126 4933 κν
2148 4871 2176 4932 ψ

254 4954 308 5036 (cf.
332 4953 523 5040 Bernhardy
545 4954 692 5036 „Oomm
716 4954 755 5020 de
778 4952 866 5020 Suid.
889 4956 969 5020 lex.''
991 4979 1022 5042 p.
1046 4953 1197 5020 XXXVI
1212 4955 1318 5042 seqq.)
1342 4990 1398 5036 -,
1421 4979 1484 5020 uon
1509 4966 1557 5022 est
1578 4957 1730 5024 credibile
1752 4959 1784 5024 in
1808 4960 1875 5024 eius
1896 4959 1983 5024 modi
2004 4941 2178 5028 condendis

253 5085 385 5150 operum
400 5061 546 5128 indiculis
562 5061 694 5129 Suidam
710 5087 729 5129 a
744 5063 971 5129 consuetudine
990 5087 1048 5128 sua
1070 5086 1268 5129 recessurum
1292 5074 1323 5128 et
1344 5063 1474 5147 Εἰρήνην
1494 5065 1668 5153 positurum
1691 5068 1790 5134 fuisse
1812 5078 1887 5133 ants
1905 5066 2178 5150 Ἐικλησιαζούοας,

253 5182 285 5238 et
306 5169 616 5252 Θεσμοφοριαζούσας
645 5181 720 5237 ante
739 5171 868 5250 Ἱππεῖς,
897 5173 973 5238 item
995 5173 1027 5237 in
1049 5171 1272 5260 Lycophronis
1294 5172 1531 5259 tragoediarum
1559 5173 1662 5240 indice
1684 5175 1802 5240 Αἰόλον
1824 5187 1898 5243 aute
1911 5175 2124 5262 Ἀνδρομίδαν,
2147 5191 2178 5245 st
