4844 6224
393 544 633 630 Ἠήάψῇς

509 652 838 741 [AEmdffssffi]

588 761 664 850 [περὶ
686 760 834 858 ἀγώνων.)

591 873 875 927 ιιιιιιι

591 967 839 1008 ιιιιιι

589 1059 607 1097 *
634 1059 652 1097 *
680 1059 697 1097 *
725 1056 851 1138 Σεμίλη.

390 1165 549 1250 Ἄργους
571 1167 710 1246 οίκισμοί.

300 1287 302 1291 ’
391 1275 585 1356 Ἀρκαδία.

398 1388 585 1460 Γλαῦκος.

397 1496 415 1534 ιι
456 1496 474 1534 ιι
516 1496 533 1534 ιι
575 1495 593 1534 ιι
635 1493 651 1529 ιι
695 1494 712 1532 ιι

400 1580 695 1671 [Διθύραμβοι]

411 1693 416 1698 ’
588 1691 731 1766 Ἐλπίδος.

399 1803 552 1884 Σατυρικά
573 1800 767 1885 δράματα.
790 1804 964 1889 τραγῳδίαι.
986 1805 1154 1890 κωμῳδίαι.

400 1906 602 1997 [Ἐρωτικὰ]
624 1909 710 1990 μέλη.

399 2021 417 2060 ιι
459 2022 477 2060 ιι
518 2021 537 2060 ιι
577 2020 595 2059 ιι
637 2020 655 2058 ιι
696 2019 714 2058 ιι

400 2112 586 2195 (Ἔθνικαί
609 2111 794 2195 ὀνομασίαι.)

511 2225 578 2305 περὶ
599 2223 821 2301 μετονομασιάς
844 2219 973 2301 ίχθόων.

514 2333 579 2412 περὶ
602 2330 851 2411 (μιτονομασίας)
874 2329 1001 2411 άνίμων.

401 2441 419 2479 ιι
461 2441 478 2480 ιι
520 2442 537 2480 ιι
579 2441 596 2479 ιι
638 2440 656 2478 ιι
697 2439 716 2476 ιι

396 2525 501 2611 'hm
523 2532 586 2595 ἔστι
602 2531 635 2594 δὲ
649 2532 765 2612 ποιήμα
779 2530 1040 2612 ε’πιτετηδιυμίνον
1058 2533 1099 2606 εἷς
1120 2530 1267 2616 ἀσάφειαν
1285 2537 1334 2597 καί
1356 2536 1508 2618 λοιδορίαν
1528 2535 1569 2609 είς
1590 2561 1657 2599 τινα
1679 2532 1748 2613 ἶβιν,
1768 2534 1925 2617 γινόμενον
1947 2535 2062 2619 ἐχθρόν
2084 2538 2172 2598 Καλ-

464 2640 611 2722 λιμάχου·
633 2631 670 2722 ἦν
691 2638 718 2702 δ’
741 2629 830 2713 οὗτος
843 2638 1041 2716 Ἀπολλώνιος
1066 2640 1082 2705 ό
1103 2641 1226 2725 γράψας
1246 2643 1286 2705 τά
1300 2641 1523 2726 Ἅργοναυτικά.

404 2752 421 2791 ιι
462 2752 480 2790 ιι
521 2751 540 2790 ιι
581 2751 599 2790 ιι
640 2751 658 2789 ιι
699 2751 718 2790 ιι

403 2850 611 2910 Μουσεῖον.

403 2957 421 2996 ιι
462 2956 480 2995 ιι
522 2956 539 2994 ιι
581 2956 599 2995 ιι
641 2956 659 2994 ιι
700 2956 718 2995 ιι

403 3051 480 3133 Περὶ
504 3048 657 3132 όρνίιον.

405 3159 422 3198 ιι
464 3160 482 3198 ιι
524 3160 541 3198 ιι
583 3161 600 3199 ιι
641 3160 660 3199 ιι

1925 3249 1933 3272 Ι

1935 3298 1943 3313 ο

405 3249 459 3312 Πί
464 3276 481 3310 r
489 3275 574 3325 ακες
596 3258 658 3313 τῶν
679 3251 710 3312 ἓν
730 3249 814 3334 πάσῃ
835 3250 955 3338 παιδιίιγ
977 3250 1217 3332 διαλαμψάντων
1236 3254 1284 3314 καί
1307 3242 1352 3315 ὧν
1373 3251 1566 3336 συνίγραψαν
1587 3253 1619 3314 ἐν
1639 3251 1770 3329 βιβλιόις
1790 3248 1816 3311 κ’
1836 3251 1884 3311 καὶ
1907 3274 1924 3331 ρ

518 3360 536 3398 ιι
577 3360 595 3398 ιι
637 3361 655 3399 ιι
696 3360 714 3398 ιι
756 3360 773 3398 ιι
814 3359 832 3397 ιι
894 3381 904 3392 .
964 3351 967 3355 ’

519 3453 608 3526 πίναξ
627 3454 674 3512 καί
698 3449 856 3532 ἀναγραφὴ
877 3457 939 3513 τῶν
958 3452 1036 3515 κατά
1053 3450 1184 3535 χρόνους
1203 3455 1252 3515 καὶ
1274 3449 1324 3515 άπ)
1348 3450 1442 3548 άρχῇς
1461 3451 1626 3534 γινομένων
1648 3448 1846 3513 διδασκάλων.

519 3560 536 3598 ιι
578 3561 596 3598 ιι
637 3562 655 3599 ι
697 3560 715 3599 ιι
758 3560 775 3598 ιι
817 3559 834 3597 ιι

519 3653 607 3727 πίναξ
622 3651 683 3732 (καί
700 3648 859 3733 ἀναγραφὴ
872 3657 934 3714 τῶν
945 3650 1137 3733 φιλοσόφων·
1160 3652 1192 3713 ἓν
1205 3645 1248 3726 οίς
1261 3654 1309 3714 καί
1326 3653 1405 3734 περὶ)
1422 3658 1484 3715 τῶν
1498 3653 1693 3735 Δημοκρίτου
1708 3655 1855 3732 γλωσσῶν
1875 3653 1923 3712 καὶ
1946 3647 2176 3729 συνταγμάτων.

520 3760 596 3799 ιι,ιι
638 3761 656 3800 ιι
697 3761 714 3799 ιι
756 3761 773 3799 ιι
816 3760 833 3798 ιι

408 3858 527 3935 Μηνιῦν
548 3857 813 3937 προσηγορίαι
835 3852 897 3918 κατ’
921 3853 1012 3926 ίθνος
1031 3853 1079 3913 καὶ
1102 3851 1208 3924 πόλεις.

407 3964 529 4037 Κτίσεις
550 3963 650 4044 νήσων
669 3967 717 4026 καὶ
740 3963 902 4039 πόλεων,
924 3965 971 4023 καὶ
993 3961 1218 4041 μετονομασίαι.

408 4075 483 4153 Περὶ
505 4080 569 4134 ufir
590 4074 622 4135 ἓν
643 4072 801 4156 οἰκυυμίνῃ
822 4077 1016 4150 ποταμῶν.

523 4185 587 4264 περί
610 4189 672 4244 ufir
693 4183 724 4244 ἓν
747 4178 879 4265 Εόροίπγγ
901 4185 1057 4259 ποταμῶν.

471 4292 488 4330 ιι
529 4292 547 4330 ιι
589 4293 607 4331 ιι
649 4292 666 4331 ιι
708 4292 726 4331 ιι
767 4292 785 4330 ιι
827 4291 844 4329 ιι

411 4382 601 4460 Θαυμασίων
622 4380 685 4460 (καί
706 4378 958 4463 παραδόξων)
981 4387 1043 4442 ufir
1064 4376 1109 4461 ἐφ’
1133 4375 1254 4440 ἅπασαν
1274 4378 1330 4458 τὴν
1350 4385 1405 4459 γῆν
1425 4379 1502 4442 κατά
1524 4379 1636 4452 τόπους
1656 4375 1753 4440 ὄντων
1775 4377 1941 4459 συναγωγή.

522 4492 540 4530 ιι
581 4491 599 4529 ιι
641 4490 658 4528 ιι
700 4489 717 4528 ιι
759 4489 777 4528 ιι
818 4489 836 4528 ιι
877 4489 895 4528 ιι

523 4586 588 4666 περὶ
610 4588 673 4645 ufir
694 4582 726 4643 ἓν
746 4580 970 4667 Πελοποννήσῳ
992 4581 1178 4659 θαυμασίων
1197 4581 1245 4640 καὶ
1266 4576 1457 4659 παραδόξων.

525 4694 605 4774 (περὶ
628 4697 688 4752 ufir
710 4689 756 4771 ἓν)
774 4687 888 4776 Ἰταλίᾳ
909 4689 1112 4772 (θαυμασίων
1132 4690 1180 4750 καί
1202 4685 1408 4770 παραδόξων).

529 4802 547 4841 ιι
588 4801 606 4840 ιι
648 4801 666 4839 ιι
707 4799 725 4838 ιι
767 4800 784 4837 ιι
826 4800 843 4838 ιι
885 4798 904 4834 ιι

410 4897 427 4935 ιι
469 4897 487 4935 ιι
528 4897 545 4935 ιι
587 4896 605 4934 ιι
648 4896 665 4934 ιι
707 4894 724 4933 ιι
767 4894 784 4932 ιι
826 4894 843 4932 ιι
885 4893 903 4931 ιι

411 4986 428 5024 ιι
470 4988 488 5026 ιι
529 4988 547 5026 ιι
589 4988 606 5026 ιι
648 4988 666 5025 ιι
708 4987 725 5025 ιι
768 4986 785 5024 ιι
827 4985 845 5024 ιι
886 4985 904 5024 ιι
