4844 6224
1058 413 1157 425 »---
1201 380 1221 444 o
1263 415 1364 423 —

250 549 433 614 viderentur
463 571 532 613 esse
558 572 618 613 uec
647 557 754 613 tamen
783 548 871 613 finito
899 546 1028 634 negotio
1051 548 1126 612 satis
1148 547 1249 611 multa
1270 570 1305 611 se
1328 544 1453 611 dedisse
1473 557 1616 633 putaret,
1646 558 1681 612 ut
1702 547 1786 612 idem
1809 546 1913 613 denuo
1934 547 2095 614 insisteret
2114 549 2176 614 iter

250 658 453 743 adiceretque
470 668 562 722 extra
583 655 727 721 ordinem
750 679 832 743 quae
854 657 886 721 in
908 680 993 722 novo
1015 654 1076 720 hoc
1099 678 1192 720 cursu
1215 656 1368 720 notabilia
1389 656 1571 720 invenisset.
1616 652 1833 742 Cognoscitur
1850 668 1957 720 autem
1978 657 2037 722 istc
2054 655 2174 723 Suidue

248 791 317 832 mos
347 790 388 831 ex
414 766 452 830 ils
480 766 678 850 potIssimum
709 789 792 853 quae
815 789 839 829 s.
862 765 1061 846 Θεόφραστος
1083 765 1197 829 habet:
1224 765 1330 842 βιβλία
1352 762 1447 826 αὐτοῦ
1468 763 1672 843 πάμπλειστα,
1704 753 1748 825 ὧν
1766 766 1815 825 καλ
1837 772 1953 828 ταῦτα·
1973 749 2175 829 Ἀναλυτικῶν

249 875 403 958 προτίρων
423 874 458 956 γ’,
472 872 674 937 Ἀναλυτικῶν
696 874 831 956 δστίρων
852 874 885 950 ζ’,
906 871 1092 946 Ἀναλόσιως
1114 876 1339 953 συλλογισμῶν,
1365 871 1562 934 Ἀναλυτικῶν
1583 871 1742 953 ι’ττιτομῆν,
1761 870 1949 954 Ἀνηγμένων
1969 874 2080 950 τόπων,
2107 877 2173 957 περὶ
2224 958 2229 966 ι

249 985 356 1059 λίθων,
379 986 444 1067 περὶ
467 990 585 1066 φυτῶν,
615 986 679 1064 περὶ
701 983 873 1063 μετάλλων,
903 985 968 1062 περὶ
990 980 1095 1061 ὀδμῶν
1114 984 1163 1043 καλ
1185 978 1270 1043 ἄλλα.
1314 981 1406 1046 Haec
1437 981 1520 1045 enim
1550 992 1659 1067 aperte
1689 993 1763 1046 suut
1790 1005 1829 1046 ex
1860 981 2174 1069 Theophrasteorum

249 1094 402 1158 librorum
431 1093 535 1158 indice
565 1116 602 1156 eo
633 1092 728 1156 ducta
750 1115 846 1178 quem
869 1090 953 1176 apud
976 1090 1156 1175 Diogenem
1178 1091 1284 1155 Laert.
1307 1101 1417 1154 extare
1439 1090 1589 1172 diximus,
1618 1088 1675 1154 sed
1697 1090 1793 1176 paulo
1815 1090 1860 1154 ibi
1881 1101 1955 1154 sunt
1977 1091 2174 1156 emendatius

249 1202 376 1288 scripta.
408 1212 439 1265 et
468 1201 574 1286 priora
602 1201 730 1288 quidem
757 1201 882 1286 integra
904 1197 1021 1263 Suidas
1050 1201 1228 1279 transtulit,
1257 1222 1333 1263 mox
1362 1209 1468 1262 autem
1496 1199 1615 1263 laboris
1641 1213 1806 1285 pertaesus
1827 1199 1925 1264 titulis
1947 1199 2029 1264 LIII
2051 1200 2174 1264 omissis

249 1309 289 1375 ad
311 1309 427 1374 librum
449 1312 514 1391 περὶ
536 1310 635 1371 λίθων
656 1307 873 1387 transvolavit,
901 1307 1017 1372 deiude
1039 1330 1135 1393 quum
1158 1296 1271 1372 iterum
1294 1307 1451 1372 omisisset
1471 1307 1580 1372 titulos
1602 1307 1696 1372 XLV
1719 1307 1812 1373 etad
1834 1308 1932 1373 libros
1954 1310 2019 1390 περὶ
2041 1315 2175 1390 φυταῶν

249 1417 391 1499 ἱστοριῶν
407 1429 439 1482 et
454 1420 518 1498 περὶ
533 1424 667 1500 φυτικῶν
688 1418 793 1479 αι’τίων
814 1417 1024 1503 pervenisset,
1048 1439 1088 1480 nc
1110 1415 1172 1480 hoc
1194 1415 1321 1502 quidem
1343 1438 1363 1504 a
1385 1438 1419 1480 se
1440 1415 1610 1502 impetrare
1631 1416 1736 1502 potuit
1757 1416 1851 1481 homo
1873 1417 2173 1502 negligentissimus,

248 1537 285 1592 ut
305 1538 474 1612 utrumque
496 1526 728 1622 hunc,titulum
750 1524 945 1589 describeret
966 1525 1142 1611 iutegrum,
1172 1524 1227 1589 sed
1249 1524 1281 1589 in
1305 1547 1403 1588 uniam
1426 1524 1576 1588 conflavit
1597 1523 1766 1588 scribendo
1787 1526 1853 1607 περὶ
1875 1532 1991 1606 φυτῶν.
2013 1527 2076 1590 iam
2098 1524 2175 1590 vero

250 1658 347 1722 quum
376 1635 465 1698 finito
494 1633 686 1719 excerpendi
716 1633 845 1719 negotio
867 1644 1049 1714 vereretur,
1079 1656 1119 1697 ne
1142 1633 1196 1719 qui
1217 1631 1410 1712 πάμπλειστα
1432 1632 1689 1718 Theophrastum
1712 1633 1874 1719 scripsisse
1896 1635 2059 1719 professus
2082 1645 2175 1714 esset,

249 1766 361 1829 parum
390 1742 486 1828 digna
514 1752 602 1806 tauto
631 1742 742 1806 tulisse
773 1742 860 1806 hiatu
883 1753 1062 1827 putaretur,
1093 1742 1256 1828 paululum
1278 1763 1443 1827 regressus
1466 1752 1513 1805 est
1534 1764 1573 1806 ac
1595 1740 1698 1806 denuo
1722 1742 1881 1829 excerpsit
1902 1743 2009 1807 titulos
2031 1744 2095 1823 περὶ
2117 1766 2174 1821 μι-

248 1849 367 1914 τάλλων
388 1862 420 1915 ct
441 1852 505 1932 napi
526 1848 639 1928 ὀδμῶν,
668 1850 723 1936 qui
746 1860 781 1914 ut
803 1867 888 1915 nunc
910 1874 961 1915 res
984 1860 1032 1914 est
1054 1861 1144 1914 extra
1167 1850 1326 1914 caucellos
1349 1850 1468 1936 egressi
1491 1849 1592 1915 libere
1612 1861 1779 1936 vagantur.
1824 1847 1891 1915 Sed
1914 1849 2054 1915 eiusdem
2075 1851 2174 1915 moris

249 1959 344 2024 etiam
367 1959 429 2022 alia
450 1960 550 2023 multa
571 1959 603 2023 in
623 1956 742 2023 Suidac
765 1982 861 2045 opere
883 1958 1018 2043 vestIgia
1040 1969 1222 2037 cernuntur,
1245 1971 1279 2022 ut
1301 1982 1326 2022 s.
1346 1956 1497 2041 Φρύνιχος
1510 1956 1674 2038 Ἀθηναῖος
1684 1955 1832 2036 κωμικός·
1854 1995 1895 2007 -
1917 1957 2059 2041 δράματα
2081 1956 2176 2020 αὐτοῦ

249 2068 313 2130 ι’στι
335 2074 449 2129 ταῦτα·
469 2064 635 2149 Ἐφιάλτης,
657 2066 783 2141 Κόννος,
805 2067 988 2146 Κωμασταί,
1010 2067 1153 2148 Σάτυροι,
1179 2067 1339 2151 Τραγῳδοὶ
1362 2064 1615 2148 ῆἈιιιλιόθιροι,
1640 2065 1850 2144 Μονότροπος,
1871 2069 2009 2141 Μοῦσαι,
2031 2066 2175 2146 Μόστης,

248 2174 431 2256 Ποάστριαι,
452 2176 595 2255 Σάτυροι,
619 2176 672 2240 ubi
689 2198 772 2262 quae
794 2176 939 2240 ultimum
961 2176 1086 2240 titulum
1109 2175 1212 2240 omisit
1227 2175 1372 2240 Eudocia
1393 2175 1489 2240 tacite
1512 2176 1649 2240 correxit
1666 2172 1785 2240 Suidae
1807 2176 2033 2262 errorem,qui
2055 2198 2176 2261 pronus

249 2295 318 2349 erat
340 2283 389 2348 his
403 2282 513 2348 eadem
536 2284 736 2349 festinantius
757 2283 965 2368 percurrenti.
989 2281 1071 2348 adde
1093 2307 1118 2347 s.
1133 2282 1375 2364 Ἀπολλοφάνης·
1396 2319 1437 2329 -
1460 2284 1602 2364 δράματα
1623 2280 1720 2345 αὐτοῦ
1741 2282 1847 2356 Δάλις,
1865 2280 2028 2366 ’Ῑφιγίρωη
2049 2285 2175 2363 Κρῆτες,

231 2390 368 2473 Δανάη,
391 2391 570 2474 Κένταυροι.
594 2405 624 2457 et
647 2416 670 2456 s.
685 2390 838 2476 Ἀραριός·
861 2430 900 2442 -
924 2392 987 2454 ίστι
1009 2392 1042 2454 δι’
1065 2399 1127 2454 τῶν
1146 2391 1314 2472 δραμάτιον
1335 2389 1431 2455 αὐτοῦ
1452 2390 1589 2467 Καινεός,
1617 2391 1817 2470 Καμπυλίων,
1845 2391 1951 2464 Πανὸς
1971 2393 2064 2472 γοναί,
2082 2391 2172 2470 ‘th-

249 2525 339 2575 ναιος,
353 2497 488 2574 Ἀδιονις,
509 2501 726 2583 Παρδινίδιον.
748 2511 820 2565 ets.
836 2499 1014 2582 Διογένηςῆ
1032 2499 1200 2579 Οἰνόμαος·
1223 2536 1263 2546 -
1285 2480 1427 2583 δράματα
1442 2497 1700 2580 αότοῦἈχιλλιός,
1718 2498 1830 2579 Ἑλίκη,
1849 2498 2005 2581 Ἡρακλῆς,
2027 2499 2175 2579 Θυίστης,

249 2609 383 2690 Μήδεια,
410 2610 565 2688 Οἰδίπους,
589 2608 778 2690 Χρύσιππος,
800 2609 925 2690 Σιμίλη.
948 2620 980 2674 et
994 2633 1019 2673 s.
1035 2611 1182 2688 Διοκλῆς·
1205 2649 1245 2659 -
1268 2607 1411 2689 δράματα
1426 2607 1521 2670 αὐτοῦ
1537 2607 1692 2684 Θάλαττα,
1715 2607 1877 2684 Μίλιτται,
1890 2604 2029 2688 Ὄντιροι,
2048 2608 2176 2687 Βάκχαι,

251 2717 389 2797 Θυίστης
409 2716 506 2796 ilfi-ct
527 2742 552 2782 s.
575 2717 740 2798 Στράττις
760 2753 801 2765 -
823 2725 885 2780 τῶν
906 2717 1071 2801 δραμάτιον
1092 2715 1189 2779 αὐτοῦ
1209 2718 1273 2779 ι’στι
1295 2724 1408 2779 ταῦτα*
1428 2714 1734 2799 Ἀνθρωποραίστης,
1756 2714 1938 2796 Ἀταλάντη,
1959 2713 2087 2797 Ἀγαθολ
2109 2713 2176 2796 ῆτοι

240 2823 399 2909 Ἀργυρίου
422 2823 602 2908 ἀφανισμός,
629 2825 790 2908 Ἰφιγίρων,
812 2827 1031 2906 Καλλιππίδης,
1053 2827 1209 2906 Κινησίας,
1230 2824 1449 2905 Λιμνομίδων,
1471 2824 1652 2899 Μακεδόνες,
1678 2824 1807 2904 Μήδεια,
1834 2824 1979 2906 Τρωίλος,
2006 2826 2175 2899 Φοίνισσαι,

252 2934 457 3015 Φιλοκτήτης,
487 2933 683 3015 Χρύσιππος,
712 2936 902 3010 Παυσανίας,
936 2936 1106 3014 Ψυχασταί.
1130 2945 1162 2999 et
1183 2957 1207 2998 s.
1234 2935 1437 3014 Τιμησίθεος·
1461 2932 1667 3015 -δράματα
1688 2931 1784 2995 αὐτοῦ
1804 2933 1960 3032 Δαναΐδες
1979 2932 2020 3010 ff,
2035 2929 2176 3013 Ἕκτορος

248 3041 353 3124 λότρα,
372 3041 528 3125 Ἡρακλῆς,
547 3040 653 3118 Ἰξίων,
674 3043 843 3118 Καπανεύς,
865 3043 1005 3123 Μέμνων
1017 3041 1057 3122 β’,
1080 3047 1270 3124 Μνηστῆρες,
1292 3042 1392 3123 Ζηνός
1408 3043 1501 3123 γοναί,
1519 3040 1637 3122 Ἑλίνης
1658 3039 1827 3122 ἀπαίτησις,
1846 3039 1996 3121 Ὀρίστης,
2017 3040 2175 3120 Πυλάδης,

248 3151 385 3233 Κάστωρ
413 3153 461 3213 καὶ
484 3152 689 3232 Πολυδεύκη-ς.
719 3164 796 3217 ets.
823 3151 999 3226 Φιλύλλιος·
1022 3187 1064 3198 -
1093 3159 1155 3215 τῶν
1183 3150 1348 3231 δραμάτιον
1376 3148 1471 3213 αὐτοῦ
1499 3152 1582 3213 ἔστιν
1608 3149 1736 3231 Λίγεός,
1764 3147 1872 3231 Αὔγη,
1894 3147 2010 3212 Ἀντεια
2041 3145 2175 3229 (ἑταίρας

249 3258 383 3342 ὄνομα),
398 3259 575 3340 Δωδεκάτη,
600 3259 757 3342 Ἡρακλῆς,
787 3261 946 3341 Πλόντρια
967 3259 986 3340 ῆ
1007 3259 1175 3333 Ναυσικάα,
1205 3259 1309 3336 Πόλις,
1342 3259 1531 3340 Θριωράχος,
1550 3257 1727 3340 Ἀταλάντη,
1745 3258 1855 3340 Ἑλίνη.
1899 3256 1965 3324 Sed
1988 3258 2061 3322 nolo
2083 3259 2176 3345 plura
2282 3259 2286 3262 ⁸
2390 3280 2404 3292 ·

250 3369 454 3455 conquirere,
485 3393 583 3456 quum
613 3370 664 3433 vel
693 3368 742 3433 his
772 3369 848 3432 satis
876 3368 952 3432 mihi
983 3368 1092 3432 videar
1120 3368 1289 3454 probasse,
1305 3391 1401 3456 -quae
1429 3368 1462 3433 in
1494 3367 1781 3434 Callimacbeorum
1811 3391 1942 3456 operum
1970 3367 2082 3431 tabula
2103 3378 2192 3452 post*

249 3477 411 3542 titulorum
429 3475 555 3541 ordines
571 3476 747 3563 procedant
760 3475 940 3542 inordinata
955 3489 987 3541 et
1005 3476 1223 3561 incomposita,
1245 3500 1283 3540 ea
1296 3488 1327 3541 et
1342 3477 1411 3562 ipsa
1433 3477 1507 3541 olim
1530 3475 1697 3541 ordinatim
1719 3477 1815 3541 ivisse
1837 3487 1868 3542 et
1890 3474 2025 3542 aSuida
2046 3474 2174 3539 demum

248 3585 282 3649 in
304 3585 442 3649 alienum
465 3586 570 3650 locum
593 3608 662 3649 esse
685 3585 818 3650 detrusa
864 3583 957 3663 Quae
979 3584 1034 3649 ubi
1055 3585 1088 3648 in
1110 3585 1276 3671 pristinum
1300 3596 1331 3650 et
1353 3609 1444 3650 suum
1465 3585 1571 3650 locum
1592 3585 1838 3665 restituerimus,
1868 3584 1943 3671 quid
1971 3584 2056 3649 aliud
2078 3606 2175 3671 quam

222 3692 225 3698 ’
250 3692 455 3780 depravantis
484 3693 605 3757 librarii
635 3705 768 3780 peccata
799 3693 1019 3780 corrigemus?
1048 3692 1101 3757 An
1125 3690 1256 3773 Suidns,
1286 3693 1341 3779 qni
1370 3692 1409 3758 de
1436 3716 1493 3758 suo
1517 3692 1603 3758 dedit
1624 3693 1719 3773 nihil,
1749 3692 1805 3758 sed
1828 3716 2037 3780 quaecunque
2058 3694 2090 3757 in
2113 3691 2175 3757 hoc

251 3801 378 3889 quidem
408 3823 528 3888 genere
558 3802 656 3866 habet
686 3801 851 3888 descripsit
877 3803 998 3883 omnia,
1028 3802 1100 3886 plus
1128 3802 1320 3888 praestiterit
1341 3801 1469 3866 librario
1491 3802 1615 3884 aliquo,
1647 3802 1734 3866 cuius
1757 3824 1880 3867 errores
1902 3802 1956 3865 ubi
1979 3802 2047 3866 fieri
2068 3812 2175 3890 potest

250 3910 409 3997 corrigere
432 3910 532 3975 critici
555 3911 694 3975 officium
717 3910 788 3974 est‘?
824 3911 898 3975 Non
929 3923 977 3974 cst
1005 3921 1111 3974 autem
1138 3909 1307 3974 admodum
1329 3909 1457 3975 difficile
1478 3910 1550 3974 illos
1571 3909 1611 3974 de
1633 3909 1748 3997 quibus
1772 3911 1878 3996 agitur
1898 3911 2006 3976 titulos
2028 3911 2060 3974 in
2083 3933 2174 3974 suurn

250 4020 416 4084 restituere
441 4020 556 4083 locum.
579 4043 653 4083 nam
675 4043 772 4105 quum
794 4021 877 4099 ,περὶ
901 4025 962 4080 τῶν
982 4019 1014 4080 ἓν
1035 4026 1073 4100 τῇ
1095 4017 1252 4102 οἰκουμένη
1274 4019 1436 4098 ποταμῶν”
1458 4030 1567 4105 aperte
1589 4018 1686 4084 suerit
1707 4019 1849 4083 universi
1871 4020 1976 4105 operis
1998 4019 2175 4084 communis

249 4127 368 4208 titulus,
392 4127 481 4191 cuius
503 4127 607 4214 operis
629 4139 736 4214 partes
759 4139 850 4192 eraut
871 4150 933 4191 non
957 4127 1058 4190 solum
1081 4127 1163 4191 liber
1183 4129 1247 4209 περὶ
1269 4135 1330 4189 τῶν
1351 4128 1382 4189 ἓν
1404 4125 1535 4211 Εὐρώπη
1557 4133 1705 4207 ποταμῶν
1726 4125 1862 4192 aSuida
1883 4139 2095 4207 enumeratus,
2118 4126 2175 4192 sed

250 4236 345 4301 etiam
372 4237 455 4300 liber
483 4238 547 4318 περὶ
578 4243 639 4298 τῶν
666 4234 728 4298 κατ’
750 4234 854 4296 Ἀσίαν
882 4242 1042 4313 ποταμῶν,
1071 4236 1160 4299 cuius
1182 4236 1351 4301 scholiasta
1374 4234 1534 4321 Apollonii
1557 4235 1674 4300 Rhodii
1695 4236 1722 4315 I,
1748 4220 1838 4300 1165.
1868 4237 2061 4301 mentionem
2088 4236 2173 4316 facit,

248 4344 431 4433 putabimus
453 4355 485 4408 et
505 4345 645 4409 universi
667 4345 836 4409 voluminis
858 4355 890 4407 et
911 4344 1109 4429 singulorum
1132 4345 1198 4408 eius
1221 4344 1374 4408 librorum
1396 4343 1506 4408 titulos
1529 4345 1641 4409 eodem
1663 4344 1734 4409 loco
1757 4355 1957 4409 enumeratos
1980 4345 2021 4409 ab
2045 4355 2174 4409 auctore

248 4453 377 4519 tabulae
406 4453 520 4534 fulsse,
552 4477 646 4540 quem
676 4453 716 4517 ad
745 4452 875 4517 modum
904 4463 977 4537 post
1004 4452 1114 4512 πίνακα
1142 4460 1205 4514 τῶν
1232 4453 1264 4514 ἓν
1285 4451 1368 4535 πάσῃ
1391 4453 1510 4539 παιδείᾳ
1533 4451 1773 4532 διαλαμψάντων
1793 4454 1842 4513 καὶ
1864 4441 1907 4539 ὧν
1928 4451 2122 4534 συνίγραψαν
2142 4453 2175 4514 ίν

247 4563 377 4640 βιβλίοις
397 4561 424 4623 κ’
444 4564 492 4623 καὶ
512 4562 547 4644 ρ’,
569 4562 623 4649 qui
644 4560 804 4648 generalis
827 4560 966 4625 universi
989 4560 1093 4647 operis
1115 4561 1224 4625 titulus
1247 4573 1304 4637 est,
1326 4561 1484 4625 adiectum
1506 4561 1651 4625 videmus
1672 4561 1865 4648 singularem
1888 4561 2031 4643 libellum
2054 4561 2107 4649 qui
2128 4560 2175 4624 in-

249 4671 449 4736 scribebatur
462 4671 552 4745 πίναξ
564 4673 612 4730 καὶ
628 4667 786 4752 ἀναγραφὴ
803 4675 866 4731 τῶν
879 4669 957 4731 κατὰ
974 4669 1104 4751 χρόνους
1123 4671 1171 4730 καλ
1194 4666 1243 4729 ἀπ’
1265 4667 1360 4750 ἀρχῆς
1380 4668 1546 4750 γινομίνων
1567 4669 1765 4744 διδασκάλων,
1787 4669 1872 4749 item,
1896 4670 1928 4734 ni
1950 4671 2054 4751 fallor,
2077 4669 2173 4734 alium

250 4778 299 4842 cui
330 4779 439 4843 titulus
469 4790 536 4843 erat
565 4779 655 4854 πίναξ
680 4780 728 4839 καὶ
756 4774 915 4860 ἀναγραφὴ
944 4784 1006 4840 τῶν
1026 4777 1213 4860 φιλοσόφων.
1255 4777 1340 4842 Nam
1363 4788 1398 4842 ut
1420 4776 1460 4842 de
1480 4775 1678 4864 philosophis
1699 4801 1827 4866 quoque
1848 4779 1880 4842 in
1902 4778 2016 4865 grandi
2037 4778 2098 4842 isto
2122 4801 2175 4842 vo

248 4886 368 4951 lumine
385 4886 616 4951 Callimachum
638 4886 742 4973 egisse
764 4908 823 4969 per
845 4909 880 4950 se
903 4886 1165 4951 verisimillimum
1189 4898 1236 4952 est
1258 4884 1305 4968 (et
1326 4886 1499 4952 instituisse
1521 4908 1593 4951 eum
1617 4886 1799 4975 ubicunque
1821 4887 1897 4952 fecit
1918 4885 1958 4952 de
1979 4886 2174 4973 philosophis

249 4994 495 5079 disputationem
517 5007 651 5082 apparet
672 4996 725 5060 vel
747 5017 788 5059 ex
810 4987 968 5059 Athenae.
985 4994 1045 5075 VI,
1066 5018 1098 5080 p.
1114 4995 1186 5059 252.
1204 4993 1268 5077 0.),
1290 4995 1335 5060 ita
1355 5017 1468 5082 parum
1490 4994 1587 5061 babet
1609 4995 1683 5060 fidei
1699 4993 1814 5061 Suidas
1838 4994 2069 5061 Callimachum
2092 4993 2176 5059 affir-

248 5125 339 5168 mans
368 5102 575 5188 peculiari
604 5103 767 5169 volumine
796 5114 924 5190 praeter
944 5103 1123 5168 Democriti
1152 5115 1356 5191 syntagmata
1384 5104 1479 5169 etiam
1507 5106 1631 5190 glossas
1662 5104 1728 5169 eius
1751 5104 2004 5183 enumeravisse,
2035 5103 2120 5192 quod
2141 5104 2175 5169 in
2245 5103 2252 5118 '

248 5211 392 5277 Homero
408 5209 546 5298 quidem,
568 5213 671 5298 utqui
688 5212 721 5277 in
737 5212 877 5278 omnium
891 5211 1038 5278 manibus
1053 5222 1146 5304 esset,
1168 5221 1291 5278 mature
1311 5214 1430 5278 sactum
1452 5234 1522 5278 esse
1542 5235 1608 5277 non
1629 5213 1791 5295 miramur,
1814 5212 1871 5278 sed
1892 5212 1955 5277 illis
1976 5212 2175 5301 temporibus
