4844 6224
352 589 435 655 Nam
459 600 494 654 ut
514 582 624 676 paucis
647 587 872 654 adumbremns
895 587 1123 675 Onomatologi
1145 587 1344 674 Hesychiani
1366 588 1520 654 rationem
1533 591 1575 654 'et
1594 588 1752 670 indolem,
1778 589 1908 676 qualem
1930 588 2113 665 coniectura
2133 589 2178 654 in·

248 702 420 766 formamus
448 711 525 790 tumx
546 721 586 763 ex
608 698 744 785 epitome
767 708 833 790 tum
856 722 896 763 ex
918 697 1037 763 Suidae
1060 721 1124 763 non
1148 721 1185 763 eo
1207 699 1310 763 solum
1332 699 1417 778 loco,
1446 697 1502 763 nbi
1524 696 1564 762 do
1586 697 1857 785 Hesychioagit,
1887 697 1943 764 sed
1967 721 2007 764 cx
2028 699 2177 764 omnibus

247 831 331 897 qnae
361 807 401 872 de
432 807 508 872 viris
538 807 715 873 eruditione
738 801 831 872 claris
852 808 1024 872 memoriae
1045 806 1199 894 prodidit,
1222 843 1262 852 —
1292 807 1418 894 scripsit
1439 806 1622 894 Hesychius
1644 806 1772 872 natione
1793 806 1955 890 Milesius,
1985 808 2177 894 cognomine

243 916 443 1000 Ἰλλούστριος
471 914 569 997 (conf.
599 914 800 983 Constantio.
824 915 1023 1003 Porphyrog.
1054 916 1094 980 de
1116 916 1264 981 Themat.
1287 915 1322 996 I,
1344 916 1374 979 2.
1404 940 1435 1003 p.
1462 918 1510 980 18.
1540 914 1646 979 Bono.
1677 925 1709 980 et
1735 914 1829 981 Phot.
1852 903 2006 982 Bibliotb.
2030 916 2101 982 cod.
2123 917 2175 982 69.

246 1052 276 1115 p.
293 1027 343 1091 34.
361 1026 401 1091 A.
416 1026 468 1091 38.
492 1024 622 1106 Belle),
645 1026 699 1113 qui
722 1025 920 1113 imperatoris
943 1024 1104 1089 Anastasii
1126 1025 1321 1111 temporibus
1343 1024 1448 1089 floruit
1471 1023 1525 1103 (cl.
1549 1023 1638 1090 Suid.
1667 1048 1692 1089 s.
1712 1023 1844 1106 Ἡούχ.),
1866 1025 1922 1090 sed
1944 1025 1984 1090 ad
2007 1025 2175 1091 Iustiniani
2199 1088 2207 1109 ,

247 1151 391 1223 tempora
419 1136 517 1200 vitam
545 1131 695 1221 perduxit
725 1132 852 1214 (Const.
875 1135 896 1198 l.
918 1135 939 1199 l.
963 1133 1054 1199 Phot
1078 1158 1109 1221 p.
1132 1135 1182 1198 34.
1201 1134 1238 1197 Β.
1260 1131 1345 1214 33.),
1374 1146 1500 1220 praeter
1522 1133 1584 1197 alia
1607 1130 1846 1215 Ὀνοματολόγυν
1872 1132 1891 1213 ἢ
1917 1135 2039 1196 Πίνυκα
2061 1142 2123 1198 τῶν
2145 1135 2176 1196 ἓν

247 1246 368 1331 παιδείᾳ
389 1242 576 1322 ὀνομαστῶν,
600 1266 663 1330 quo
688 1241 885 1324 Callimachi,
914 1254 949 1308 ut
972 1242 1107 1322 videtur,
1131 1243 1311 1329 exemplum
1333 1254 1461 1307 secutus
1482 1278 1525 1286 —
1548 1265 1585 1306 eo
1608 1243 1692 1307 enim
1715 1241 1802 1307 ducit
1822 1242 1987 1330 utriusque
2010 1244 2114 1330 operis
2137 1243 2177 1308 si·

209 1373 214 1378 ·
246 1354 329 1418 milis
359 1352 469 1417 titulus
492 1386 529 1399 -·
561 1353 702 1417 emnium
725 1345 924 1417 Graecorum
954 1353 1146 1440 quicumque
1175 1376 1194 1416 a
1222 1351 1332 1439 primis
1361 1351 1556 1438 temporibus
1586 1375 1686 1439 usque
1717 1351 1757 1416 ad
1779 1350 1946 1416 Iustiniani
1977 1363 2113 1417 aetatem
2143 1352 2175 1417 in

247 1462 355 1549 aliquo
377 1462 540 1527 literarum
561 1482 682 1548 genere
701 1462 919 1526 inclaruerunt
941 1462 981 1525 ab
997 1461 1158 1525 oblivione
1174 1460 1337 1525 vindicare
1353 1460 1538 1525 memoriam
1552 1459 1675 1525 'studuit
1688 1461 1831 1548 exceptis
1848 1460 2001 1525 ecclesiae
2022 1461 2174 1547 patribus.
2270 1476 2273 1482 ·

248 1594 329 1658 quos
344 1570 487 1650 exclusit,
511 1571 579 1634 sive
595 1559 680 1657 quod
695 1592 839 1657 paganus
863 1581 940 1649 erat,
963 1592 1045 1657 quae
1061 1567 1181 1634 Suidae
1202 1568 1338 1656 suspicio
1362 1569 1421 1633 fuit
1443 1567 1628 1650 (eliasib),
1650 1570 1719 1634 sive
1741 1568 1825 1656 quod
1848 1569 1964 1635 veteris
1986 1570 2069 1635 illins
2093 1592 2175 1656 quae

247 1679 420 1747 Hellenum
443 1701 560 1743 nomen
584 1679 748 1765 insignivit
769 1679 972 1743 humanitatis
995 1690 1026 1743 et
1049 1677 1233 1743 eruditionis
1255 1676 1463 1742 admiratione
1485 1678 1624 1742 imbutus
1645 1678 1819 1764 genuinum
1843 1688 1875 1743 et
1896 1678 2055 1743 sincerum
2079 1678 2176 1743 domi·

183 1771 190 1788 ,
247 1811 310 1876 que
338 1799 447 1853 natum
470 1785 587 1853 Graeci
618 1787 738 1873 ingenii
767 1787 877 1852 florem
906 1785 1092 1874 praedicare
1122 1787 1259 1851 volebat.
1305 1785 1379 1865 Qua
1407 1787 1438 1850 in
1462 1810 1496 1851 re
1518 1787 1562 1852 ita
1584 1798 1728 1864 versatus
1751 1798 1808 1867 est,
1838 1796 1872 1852 ut
1895 1798 2049 1874 quantum
2071 1787 2175 1874 potuit

246 1897 301 1962 ubi
325 1908 357 1962 et
378 1921 397 1962 a
418 1896 534 1984 quibus
557 1898 693 1984 quisque
714 1896 899 1983 parentibus
922 1907 1014 1961 natus
1037 1906 1121 1960 esset
1143 1895 1271 1974 diceret,
1294 1907 1431 1960 aetatem
1454 1894 1613 1976 definiret,
1642 1906 1864 1982 praeceptores
1891 1919 2036 1983 quaeque
2059 1895 2099 1960 ad
2123 1919 2175 1964 ex·

247 2005 415 2072 colendum
438 2006 601 2092 ingenium
624 2004 742 2092 aliquid
766 2005 975 2070 contulissent
996 2017 1203 2086 memoraret,
1232 2014 1394 2092 postremo
1417 2027 1549 2091 operum
1570 2005 1712 2069 tabulam
1737 2004 1886 2085 adiceret,
1916 2003 2036 2091 ubique
2058 2016 2175 2087 autem,

246 2139 286 2181 ne
317 2114 393 2203 quid
423 2114 547 2179 deesset
577 2113 616 2179 ad
647 2113 851 2201 depingenda
878 2113 1040 2178 bominum
1069 2137 1174 2178 mores
1195 2124 1226 2178 et
1247 2113 1393 2200 ingenia,
1424 2114 1577 2200 singulari
1600 2111 1736 2200 quodam
1759 2112 1864 2178 studio
1885 2113 2102 2199 interponeret
2123 2114 2176 2178 vel

245 2225 380 2289 aliorum
410 2223 450 2288 de
479 2223 515 2288 iis
544 2223 663 2288 iudicia
690 2234 722 2287 et
748 2220 880 2288 dicteria
909 2223 960 2286 vel
989 2223 1129 2308 ipsorum
1156 2244 1257 2309 prave
1285 2222 1412 2288 re'eteve
1434 2223 1518 2288 facta
1541 2233 1573 2287 et
1592 2222 1727 2309 placita,
1757 2222 1864 2310 qualia
1887 2245 1959 2286 cum
1980 2222 2012 2286 in
2036 2222 2173 2310 epitome

246 2333 356 2397 relicta
378 2355 463 2396 nunc
486 2333 554 2396 lere
576 2333 644 2397 sola
666 2331 841 2411 videamus,
864 2341 930 2395 tum
955 2329 1071 2397 Suidas
1093 2353 1220 2419 quoquo
1240 2355 1304 2395 non
1328 2342 1516 2417 aspamatus
1539 2341 1587 2396 est
1609 2331 1697 2412 (vide
1719 2330 1813 2396 modo
1836 2354 1860 2394 s.
1883 2330 1980 2393 Λέων
2000 2330 2175 2408 Βυζάντιος,

245 2465 269 2506 s.
293 2440 453 2520 Πολέμων,
483 2464 508 2504 s.
531 2440 691 2519 Ποτάμων
713 2444 936 2520 Μιτυληναῖος,
967 2464 990 2505 s.
1018 2439 1201 2521 Φιλύλλιος).
1231 2464 1268 2504 ac
1290 2441 1450 2527 pertinent
1471 2463 1508 2504 eo
1531 2441 1625 2505 etiam
1649 2463 1732 2529 quae
1753 2440 1785 2504 in
1809 2437 1998 2506 Callimachi
2021 2440 2174 2506 librorum

246 2550 355 2615 tabula
378 2549 417 2614 de
441 2548 531 2613 Ibide
555 2549 648 2614 etde
670 2548 846 2615 Democriti
867 2549 982 2635 glossis
1004 2549 1175 2614 memoriae
1197 2549 1321 2635 prodita
1344 2559 1425 2613 sunt.

348 2657 430 2726 'l'ale
452 2670 558 2723 autem
582 2681 673 2744 opus,
696 2658 780 2746 quod
803 2659 856 2746 qui
880 2659 1019 2723 babebat
1041 2660 1173 2722 multum
1196 2658 1348 2745 temporis
1370 2671 1402 2723 et
1423 2680 1539 2745 operae
1561 2657 1739 2745 compendii
1762 2658 1902 2723 facturus
1925 2667 2008 2739 erat,
2037 2657 2173 2723 dubitari

246 2791 312 2832 non
334 2777 440 2854 potest
463 2767 537 2854 quin
562 2766 602 2831 ad
625 2790 716 2832 usum
739 2765 872 2832 Suidmn
894 2767 1040 2832 allexerit
1063 2778 1157 2853 atque
1180 2768 1356 2843 attraxerit.
1388 2791 1425 2831 ae
1448 2790 1559 2842 revera
1582 2790 1672 2831 usum
1695 2790 1764 2832 esse
1786 2790 1858 2831 eum
1879 2780 2008 2854 praeter
2030 2791 2068 2831 ca
2090 2789 2174 2856 quae

246 2877 383 2941 diximus
414 2876 476 2959 alia
504 2899 632 2963 quoque
661 2876 809 2961 probanti
853 2876 951 2941 Velut
978 2899 1061 2963 quae
1091 2874 1130 2940 de
1157 2887 1282 2962 patrum
1313 2876 1598 2942 ecclesiasticorum
1627 2876 1693 2941 vita
1720 2875 1910 2963 scriptisque
1932 2874 2049 2942 Suidas
2071 2876 2174 2941 lexico

246 3008 302 3049 suo
319 2984 459 3064 inseruit,
483 3008 521 3049 ea
536 2996 603 3051 tum
619 2985 688 3071 ipsa
706 3008 764 3048 sua
786 2985 888 3049 forma
909 3008 928 3049 a
950 2985 1080 3072 reliquis
1103 2983 1260 3065 differunt,
1283 2996 1349 3050 tum
1373 2984 1530 3072 hodieque
1553 2984 1762 3050 demonstrari
1783 2995 1917 3072 possunt
1938 3007 1977 3049 ex
1993 2983 2173 3072 Sophronii,

245 3093 394 3174 Eusebii,
426 3093 583 3173 Socratis,
615 3092 801 3174 Soaomeui,
832 3095 964 3159 aliorum
994 3094 1047 3181 qui
1078 3115 1129 3158 res
1158 3094 1346 3159 christianas
1369 3094 1562 3158 enarrabant
1583 3094 1673 3159 libris
1696 3117 1765 3159 esse
1787 3093 1975 3181 deprompta
1997 3093 2051 3176 (cf.
2074 3093 2173 3158 Bern-

245 3202 358 3287 hardyi
382 3201 561 3268 Comment.
578 3227 608 3290 p.
624 3201 737 3283 LlV.),
762 3214 797 3268 ut
811 3204 887 3268 talia
902 3201 1033 3268 Suidam
1057 3203 1089 3266 in
1113 3225 1151 3267 eo
1173 3226 1236 3290 quo
1259 3203 1291 3267 in
1314 3203 1443 3290 reliquis
1466 3203 1615 3267 utebatur
1636 3202 1717 3266 libro
1740 3226 1803 3267 non
1825 3203 1987 3267 invenisse
2010 3212 2172 3290 appareat.

245 3311 346 3398 Atqui
373 3310 509 3376 vidimus
532 3309 665 3376 Suidam
688 3311 726 3391 (s.
747 3311 867 3394 Ἡούχ.)
897 3323 1108 3399 conquestum
1130 3311 1213 3398 qnod
1238 3311 1419 3396 Hesychius
1441 3312 1558 3376 nullius
1579 3318 1641 3373 τῶν
1662 3311 1694 3371 ἐν
1716 3311 1835 3397 παιδείᾳ
1857 3311 2047 3392 luparcianus
2068 3313 2171 3392 ἐκκλη-

244 3428 408 3482 σιυστνκῶν
432 3420 622 3482 διδασκάλων
642 3421 674 3485 in
699 3419 933 3508 Onomatologo
955 3421 1144 3486 meminerit.
1189 3419 1362 3485 Praeterea
1384 3443 1462 3507 prae
1484 3421 1618 3485 aliorum
1639 3420 1801 3485 mentione
1823 3421 1973 3508 frequens
1995 3419 2079 3507 apud
2104 3417 2175 3485 Sui-

245 3527 319 3593 dam
350 3551 460 3594 eorum
488 3541 537 3593 est
557 3530 710 3595 memoria
732 3530 786 3616 qui
808 3530 964 3610 Zenonis,
993 3529 1171 3616 Anastasii,
1203 3529 1367 3594 Iustiniani
1391 3528 1588 3616 temporibus
1610 3528 1786 3593 floruerunt
1808 3529 1829 3593 i.
1853 3551 1880 3593 e.
1903 3531 1973 3616 ipsa
1993 3530 2049 3594 illa
2070 3540 2175 3595 aetate
2258 3599 2261 3605 ,

246 3661 310 3724 qna
332 3636 513 3723 Hesychius
536 3638 624 3718 vixit,
649 3661 729 3724 eg.
753 3639 921 3723 Agathiae,
953 3636 1160 3717 Christodori,
1193 3636 1331 3717 Colutbi,
1362 3638 1535 3716 Damascii,
1564 3637 1714 3724 Eugenii,
1736 3638 1895 3704 Eustathii
1919 3639 2069 3718 historici,
2093 3638 2175 3704 Her·

244 3746 350 3826 melai,
374 3746 504 3826 Malclri,
527 3746 673 3827 Mariani,
696 3746 820 3812 Nicolai
837 3747 979 3826 rhetoris,
1003 3745 1195 3833 Pamprepii,
1218 3744 1375 3828 Panolbii,
1398 3746 1486 3812 Petri
1499 3747 1656 3832 Magistri,
1679 3746 1838 3835 Procopii,
1861 3747 2023 3813 Timothei
2041 3747 2173 3829 Gasani,
2213 3822 2214 3827 .

245 3854 434 3920 Tribouiani
457 3854 512 3934 (de
534 3879 597 3942 quo
621 3855 737 3920 dictum
761 3856 856 3920 etiam
877 3855 908 3918 in
934 3856 1069 3942 epitome
1093 3855 1276 3940 Hesychii),
1299 3855 1428 3936 Zosimi,
1451 3855 1594 3920 aliorum.
1640 3855 1761 3922 Contra
1784 3858 1837 3944 qni
1859 3858 2007 3944 postilla
2028 3868 2174 3942 tempora

157 4001 167 4007 ·
245 3964 477 4044 inclaruerunt,
509 3986 618 4028 eorum
648 3974 703 4028 aut
730 3989 800 4029 rara
828 3975 876 4028 est
898 3964 982 4050 apud
1006 3962 1140 4029 Suidam
1161 3964 1316 4029 memoria
1346 3976 1412 4045 ant,
1441 3965 1495 4029 ubi
1519 3987 1559 4029 ex
1582 3966 1788 4050 scriptoribus
1810 3965 2031 4030 ecclesiasticis
2053 3963 2174 4030 hauriri

245 4095 309 4137 non
345 4072 465 4160 potuit,
502 4083 588 4137 certe
623 4097 737 4138 manca
766 4072 936 4138 admodum
966 4084 997 4137 et
1026 4074 1132 4153 exilis,
1172 4074 1258 4138 velut
1287 4073 1379 4138 Pauli
1410 4073 1588 4158 Aeginetae
1619 4085 1674 4138 out
1704 4073 1939 4160 Theophylacti
1968 4072 2172 4139 Simoeattae.

245 4180 413 4246 Postremo
444 4204 637 4269 quamquam
664 4181 792 4269 plurimi
819 4183 901 4247 inter
923 4182 1078 4268 Hesychii
1101 4193 1134 4247 et
1156 4180 1275 4247 Suidae
1297 4193 1443 4266 tempora
1466 4182 1644 4268 regnabant
1664 4183 1872 4268 imperatores
1894 4182 1948 4268 qui
1972 4180 2174 4248 Constantini

244 4290 373 4354 nomine
402 4291 591 4370 utebantur,
622 4302 727 4356 tamen
752 4314 906 4377 nusquam
930 4291 987 4355 hos
1010 4289 1127 4356 Suidas
1149 4290 1331 4377 distinguit,
1362 4289 1418 4354 sed
1449 4290 1631 4376 itaubique
1654 4291 1810 4377 loquitur,
1834 4291 1924 4377 quasi
1948 4315 2028 4356 unus
2049 4303 2172 4357 tantum

245 4399 312 4463 eius
334 4399 471 4463 nominis
493 4399 665 4486 imperator
687 4400 790 4464 fuerit.
813 4400 852 4464 cf.
876 4423 899 4462 s.
916 4396 1089 4481 Ἀψύρτιος,
1119 4402 1149 4460 Γ
1147 4398 1302 4479 υμνάσνος,
1332 4398 1494 4476 Ἑλλάδος,
1524 4399 1611 4462 Θέων
1632 4398 1788 4475 Σιδώνιος,
1811 4397 1993 4480 Ἰάμβλιχος,
2012 4397 2174 4475 Ἰουλιανὸς

245 4507 389 4586 Admau,
419 4508 590 4587 Λιβάνιος,
624 4506 792 4581 Οὐλπιανὸς
806 4505 988 4587 Ἀντιοχεύς,
1018 4508 1209 4582 Παλλάδος,
1239 4509 1364 4582 Παῦλος
1384 4507 1564 4589 Αἰγύπτιος,
1595 4507 1804 4590 Προαιρίοιος,
1833 4509 1920 4574 alibi.
1965 4507 2039 4588 Quo
2062 4521 2173 4595 aperte

246 4616 340 4682 docet
368 4617 505 4681 alienam
533 4641 568 4682 se
596 4619 678 4682 ferre
700 4640 877 4704 personam.
906 4641 980 4682 nam
1003 4617 1048 4682 ita
1069 4617 1155 4704 loqui
1179 4617 1343 4704 Hesychio
1365 4641 1442 4682 sane
1464 4618 1568 4698 licuit,
1598 4641 1661 4682 non
1684 4617 1772 4682 licuit
1794 4616 1924 4683 Suidae.
1955 4617 2097 4682 similiter
2119 4619 2173 4706 qui

245 4748 270 4789 s.
294 4725 443 4799 Νικόλαος
464 4725 566 4808 ῥήτωρ
593 4725 719 4812 scripsit
745 4725 830 4790 hunc
857 4727 1017 4791 hominem
1038 4726 1183 4791 floruisse
1205 4727 1252 4788 tut
1275 4725 1415 4800 Λέοντος
1435 4726 1585 4805 βασιλέως
1606 4726 1675 4788 τοῦ·
1696 4726 1973 4809 πρεσβυτέρου
1996 4749 2059 4791 non
2083 4727 2173 4793 novit

244 4833 303 4898 nisi
326 4833 405 4898 duos
427 4833 521 4898 huius
544 4835 679 4898 nominis
701 4835 918 4921 imperatores,
941 4834 1026 4922 quod
1049 4835 1080 4899 in
1103 4835 1302 4922 Hesychinm
1324 4834 1453 4923 quidem
1476 4835 1587 4926 cadit,
1604 4860 1668 4900 non
1689 4836 1768 4900 item
1790 4835 1822 4900 in
1846 4833 1995 4917 Suidam,
2028 4836 2083 4922 qui
2104 4837 2173 4902 fieri

147 4941 151 4945 ’
240 4965 308 5040 ¹uon
329 4943 434 5030 potuit
455 4953 489 5007 ut
511 4954 646 5030 quatuor
668 4943 874 5029 cognomines
896 4944 1019 5009 duobus
1041 4943 1102 5008 illis
1124 4945 1331 5031 imperatores
1353 4945 1525 5028 ignoraret.

347 5052 417 5116 Iam
433 5052 509 5116 satis
525 5062 602 5138 puto
625 5063 770 5117 constare
794 5062 829 5117 nt
849 5052 882 5116 in
905 5052 1051 5118 omnibus
1073 5053 1140 5117 fere
1162 5077 1244 5141 qnae
1266 5052 1307 5118 ad
1329 5053 1493 5119 historiam
1516 5054 1686 5118 literarium
1709 5054 1879 5140 pertinent,
1901 5054 1945 5119 ita
1967 5054 1999 5118 in
2023 5055 2068 5119 eis
2091 5077 2173 5141 quae

245 5160 285 5226 de
309 5159 497 5228 Callimachi
521 5161 587 5226 vita
609 5161 798 5250 scriptisque
815 5161 918 5228 ,habet
940 5159 1072 5226 Snidam
1095 5162 1136 5228 ab
1152 5162 1316 5249 Hesychio
1331 5162 1457 5228 Milesio
1478 5162 1627 5250 pendere.
1650 5162 1793 5249 sequitur
1814 5162 1969 5249 igiturut
1991 5163 2053 5227 iam
2076 5163 2172 5249 paulo
2237 5151 2241 5160 ⁴

245 5270 344 5357 pluris
365 5271 422 5336 illa
445 5268 733 5337 Callimacheornm
756 5291 890 5357 operum
912 5270 1022 5336 tabula
1044 5271 1136 5337 nobis
1159 5270 1356 5337 aestimanda
1378 5272 1428 5337 sit.
1452 5295 1526 5337 nam
1549 5294 1611 5337 non
1634 5272 1696 5336 iam
1720 5294 1793 5338 cum
1815 5271 1922 5361 aliquo
1946 5296 1986 5338 ex
1999 5270 2172 5355 ⁸Snidarum
