4844 6224
1058 396 1365 459 —g—

245 565 340 632 etiam
368 564 484 652 integri
513 563 597 629 unde
626 563 718 629 fluxit
746 562 852 650 operis
880 564 971 629 titulo
1001 561 1142 628 vindicat
1163 561 1345 645 παραδόξων
1373 585 1489 627 nomen
1512 585 1532 626 a
1554 559 1655 628 Suida
1677 561 1828 628 omissum
1850 562 1944 628 solita
1965 564 2171 652 negligentia,

245 673 334 739 cuius
350 672 443 739 etiarn
458 672 519 738 hoc
534 672 757 738 documentum
775 683 831 753 est,
855 670 939 760 quod
957 695 1034 736 suae
1056 671 1168 737 aetatis
1190 694 1281 736 usum
1302 670 1454 758 loquendi
1476 671 1532 752 (cf.
1545 669 1669 736 Ritschl
1691 669 1753 752 „de
1770 669 1837 737 Oro
1852 681 1884 737 et
1897 671 2035 764 Orione”
2055 697 2086 760 p.
2104 672 2172 756 80.)

244 793 372 847 secutus
399 783 525 868 scripsit
551 783 607 855 εἰς
634 778 757 843 ἅπασαν
778 781 833 861 τὴν
852 788 907 863 γῆν
928 816 969 825 -
991 778 1088 843 ὀντων
1108 781 1161 845 vel
1182 802 1240 864 pro
1262 779 1294 841 ἐν
1314 778 1418 863 ἁπάσῃ
1440 786 1479 862 τῇ
1498 785 1538 862 γῇ
1560 765 1634 860 vel,
1664 778 1749 866 quod
1778 802 1838 867 ego
1860 790 2020 846 vetustum
2042 782 2172 848 tabulae

246 900 412 955 auctorem
435 888 560 955 dedisse
582 889 771 977 putaverim,
794 887 838 972 ἐφ’
862 885 984 951 ὀαασαν
1004 889 1060 969 τὴν
1079 896 1143 970 γῆν.
2136 870 2141 883 “
2211 969 2216 979 Ι

348 997 475 1063 Dehinc
490 1009 731 1083 praevertemur
746 996 787 1062 ad
808 997 925 1062 librum
947 999 1011 1080 περὶ
1033 996 1255 1076 μετονομασίας
1278 995 1399 1076 ἰχθύσιν
1419 993 1648 1083 videamusque
1670 995 1745 1061 huic
1766 1019 1860 1083 quem
1882 998 1987 1062 locum
2007 998 2040 1062 in
2062 997 2172 1063 tabula

246 1107 455 1195 assignemus.
486 1130 549 1194 qua
570 1107 603 1171 in
624 1129 660 1171 re
681 1105 904 1193 percommode
926 1105 1058 1186 accidit,
1087 1117 1122 1170 ut
1144 1105 1310 1170 Athenaeo
1332 1104 1379 1170 uti
1401 1104 1482 1170 duce
1503 1105 1671 1191 possimus,
1693 1104 1771 1185 VII,
1792 1129 1824 1192 p.
1847 1105 1921 1170 329.
1937 1104 1976 1169 A.
2020 1106 2053 1170 Is
2076 1106 2171 1188 enim,

245 1217 453 1296 Καλλίμαχος,
474 1215 588 1302 inquit,
610 1214 649 1276 ἐν
662 1215 845 1288 ἐθνικαῖς
859 1211 1093 1293 ὀνομασίαις
1106 1212 1211 1296 χράφει
1226 1211 1340 1286 οὕτως·
1363 1210 1613 1295 ,ζΕγκρασίχολος
1634 1213 1784 1295 ἐρίτιμος·
1806 1213 2019 1294 Χαλκηδόνιοι.
2032 1215 2173 1296 τριχίδια,

242 1325 357 1405 χαλκίς,
381 1323 475 1405 ίίιταρ,
496 1321 648 1406 ἀθερίνη”.
680 1321 729 1383 Ἐν
751 1308 832 1408 altre
855 1322 888 1384 δὲ
910 1321 991 1403 μίρει
1013 1321 1185 1402 καταλίχων
1208 1321 1327 1401 ἰχθύιον
1348 1318 1513 1401 ὀνομασίας
1533 1322 1641 1404 φησίν·
1671 1319 1831 1404 ,,Ὄζαινα,
1854 1319 2014 1402 ὀσμύλιον·
2039 1323 2172 1407 Θούριοι.

247 1432 351 1508 ίωνιες,
380 1433 522 1515 ἐρίτιμοι·
546 1429 732 1511 Ἀθηναῖοί.
764 1431 952 1518 quibuscum
981 1430 1036 1495 ubi
1067 1428 1209 1501 aSuida
1236 1430 1396 1517 proditum
1425 1430 1551 1495 titulum
1573 1431 1638 1513 περὶ
1659 1431 1883 1510 μετονομασίας
1905 1429 2025 1518 ἰχθύων
2043 1442 2173 1498 ,conten-

248 1540 404 1622 derimus,
434 1540 527 1605 facile
556 1539 723 1626 apparebit
750 1541 782 1603 in
812 1562 850 1604 eo
879 1539 960 1603 libro
983 1537 1214 1604 Callimachum
1241 1539 1376 1626 piscium
1403 1539 1541 1604 nomina·
1552 1538 1598 1603 ita
1620 1560 1840 1619 enumerasse,
1869 1549 1905 1604 ut
1926 1538 2010 1625 apud
2033 1540 2174 1627 singulas

248 1660 362 1738 gentes
392 1648 471 1713 alios
500 1648 603 1735 pisces
631 1648 723 1712 aliter
750 1651 1017 1728 μετονομασθῆναι
1047 1647 1183 1713 doceret.
1227 1646 1300 1726 Quo
1329 1646 1692 1735 perspectolacilepro
1715 1648 1905 1734 aequisque
1928 1647 2174 1735 concedetpost

248 1755 374 1840 ἀθερίνη
403 1756 487 1844 apud
509 1756 710 1821 Athenaeum
740 1753 895 1821 excidisse
922 1757 1027 1844 gentis
1048 1778 1174 1820 nomen.
1218 1753 1285 1843 Sed
1306 1755 1367 1820 hoc
1388 1779 1473 1820 nunc
1496 1754 1622 1820 demum
1644 1753 1737 1820 video
1761 1778 1777 1820 a
1800 1754 1963 1820 Meinekio
1985 1755 2061 1820 mihi
2084 1779 2174 1842 prae·

250 1878 384 1953 raptum.
408 1875 441 1929 at
463 1863 548 1929 aliud
571 1865 624 1929 ille
646 1865 738 1929 nobis
761 1864 888 1952 reliquit
909 1862 1142 1952 corrigendum.
1164 1886 1268 1951 neque
1290 1864 1374 1928 enim
1395 1862 1531 1939 dubitari
1554 1873 1675 1950 potest,
1699 1863 1775 1951 quin
1797 1861 1880 1928 istud
1901 1864 1954 1940 ,,ε’ν
1974 1861 2055 1949 ἀλλῳ
2075 1863 2173 1945 μέρει”

250 1985 283 2039 et
303 1975 407 2060 ipsum
431 1971 471 2037 ad
493 1972 615 2046 ἐθνικάς
636 1970 800 2053 ὀνομασίαις
821 1972 1023 2037 referendum
1046 1973 1099 2054 sit,
1129 1995 1262 2059 quarum
1290 1972 1351 2036 ista
1371 1972 1470 2037 verba
1494 1994 1563 2036 eam
1586 1971 1767 2057 significant
1787 1983 1911 2058 partem
1933 1994 2015 2059 quae
2037 1974 2174 2059 comple-

250 2082 397 2149 ctebatur
410 2081 542 2168 piscium
559 2081 688 2145 nomina
703 2082 779 2145 abo
800 2081 891 2145 litera
911 2080 1106 2166 incipientia.
1128 2080 1191 2145 iam
1213 2103 1288 2144 vero
1312 2103 1408 2167 quum
1431 2103 1494 2145 non
1516 2079 1693 2166 posteriore
1715 2079 1840 2145 demum
1863 2081 1933 2145 loco
1958 2079 2173 2146 Callimachus

250 2199 417 2256 enumeret
438 2189 571 2276 piscium
592 2190 736 2267 nomina,
765 2187 820 2253 sed
842 2189 925 2253 idem
949 2189 1044 2254 faciat
1066 2189 1161 2255 etiam
1182 2189 1303 2276 priore,
1333 2197 1422 2273 patet
1443 2197 1498 2253 aut
1517 2190 1580 2250 καί
1601 2189 1633 2250 ἐν
1654 2187 1735 2274 ἀλλην
1758 2189 1791 2251 δέ
1812 2187 1893 2270 μέρει
1915 2212 1987 2253 eum
2010 2188 2174 2276 scripsisse

250 2309 307 2364 aut
322 2298 423 2363 verba
437 2297 498 2362 ista
518 2295 707 2377 ,καταλέγων
723 2295 843 2376 ἰχθύων
861 2295 1041 2377 ὀνομασίας”
1063 2298 1167 2362 statim
1189 2309 1261 2384 post
1282 2297 1333 2373 ,,ε’ν
1353 2298 1488 2370 ἐθνικαῖς
1509 2293 1700 2376 ὀνομασίαις”
1722 2298 1903 2362 collocasse.
1926 2307 2023 2385 atque
2044 2298 2173 2362 alterius

250 2406 344 2472 huius
368 2405 570 2481 coniecturae
593 2403 711 2492 aliquid
734 2404 857 2470 accedit
877 2405 1030 2471 momenti
1053 2429 1101 2486 eo,
1125 2405 1209 2493 quod
1232 2406 1314 2470 liber
1327 2405 1563 2470 Laurentianus
1584 2403 1614 2469 Β
1638 2416 1723 2470 certe
1745 2404 1919 2492 postules
1941 2391 2172 2471 omittitacru-

250 2513 343 2596 λίχων
374 2512 494 2594 ἰχθύων
522 2511 694 2593 ὀνομασίας.
738 2514 790 2578 lta
817 2537 894 2579 vero
924 2515 1085 2602 aliquanto
1115 2515 1210 2579 etiam
1237 2514 1363 2601 planius
1392 2512 1470 2578 illud
1492 2513 1544 2595 fit,
1575 2511 1661 2600 quod
1684 2514 1736 2578 vel
1757 2523 1888 2599 propter
1907 2513 2001 2577 nimis
2022 2515 2174 2601 generale

251 2624 382 2687 ἐθνικῶν
402 2619 574 2702 ὀνομασιῶν
595 2645 710 2686 nomen
734 2621 885 2688 credibile
907 2622 1019 2703 est,'in
1043 2645 1080 2687 eo
1102 2623 1184 2687 libro
1206 2646 1269 2687 non
1291 2620 1331 2686 de
1352 2621 1492 2708 piscibus
1514 2622 1615 2686 solum
1639 2620 1823 2708 exposuisse
1845 2619 2088 2710 Callimachum,
2118 2621 2174 2687 sed

193 2731 201 2745 “
251 2732 384 2797 aliarum
401 2731 495 2795 etiam
511 2753 615 2794 rerum
630 2731 852 2810 μετονομασίας
873 2729 1058 2818 disputasse.
1103 2729 1193 2796 Inter
1214 2730 1271 2795 bas
1294 2741 1400 2795 autem
1422 2753 1473 2794 res
1495 2726 1624 2809 ἀνίμοος
1645 2748 1772 2817 quoque
1793 2729 1890 2794 fuisse
1911 2728 1934 2793 i.
1956 2752 1982 2793 e.
2005 2729 2174 2794 voluminis

253 2841 293 2906 de
308 2840 442 2912 ἐθνικαῖς
454 2835 632 2918 ὀνομασιάις
651 2839 818 2922 consumpti
840 2849 961 2926 partem
985 2839 1079 2903 etlam
1102 2839 1216 2903 librum
1234 2841 1302 2923 'napi
1324 2836 1443 2918 ἀνίμων
1463 2839 1515 2903 vel
1537 2838 1643 2925 potius
1664 2840 1728 2920 περί
1751 2835 1915 2917 ὀνομασίας
1936 2834 2055 2917 ἀνίμων
2075 2838 2174 2905 fuisso
2228 2848 2234 2865 ⁸

252 2950 389 3031 (tantum
422 2948 505 3010 enim
535 2945 586 3010 hic
608 2970 751 3034 quoque,
778 2958 871 3034 puto,
900 2947 1065 3012 brevitatis
1088 2946 1190 3011 studio
1214 2944 1329 3012 Suidas
1352 2946 1492 3010 dandum
1514 2946 1646 3027 censuit,
1669 2946 1703 3010 in
1724 2945 1785 3011 ista
1806 2947 1993 3032 praesertim
2011 2947 2085 3012 libri
2109 2943 2175 3031 περὶ

250 3055 473 3138 μετονομασίας
493 3053 613 3134 ἰχθύσιν
633 3054 807 3136 vicinitate)
828 3053 924 3119 fidem
946 3054 1066 3120 faciunt
1086 3065 1212 3120 nostrae
1233 3056 1293 3121 hae
1314 3054 1454 3120 rationes
1475 3054 1772 3141 piriacographicae,
1795 3040 1909 3141 quibus
1930 3051 2015 3120 nunc
2036 3055 2099 3119 iam
2120 3055 2174 3121 vel

251 3160 469 3247 pertinacioris
486 3163 643 3227 'homines
668 3163 787 3247 ingenii
818 3161 937 3251 aliquid
966 3183 1130 3249 speramus
1159 3163 1334 3228 tributuros
1363 3185 1441 3227 esse.
1483 3163 1569 3228 Nam
1597 3161 1701 3250 quum'
1716 3162 1749 3227 in
1772 3162 1942 3227 novissimo
1964 3161 2025 3228 hoc
2047 3165 2175 3252 agmine

249 3269 324 3335 iude
354 3272 394 3335 ab
424 3272 631 3358 μετονομασίρ
654 3270 775 3352 ἰχθύων
799 3271 894 3358 positi
923 3271 1003 3336 tituli
1034 3283 1066 3337 et
1086 3271 1147 3357 ipsi
1168 3281 1297 3336 servent
1317 3270 1479 3336 literarum
1502 3271 1643 3335 ordinem
1666 3281 1794 3357 praeter
1814 3271 1939 3336 titulum
1961 3274 2026 3354 περὶ
2049 3270 2175 3353 ἀνίμων,

254 3375 428 3444 Suidamne
442 3379 592 3444 credibile
614 3390 663 3444 est
683 3390 806 3444 tantum
829 3379 902 3443 huic
924 3380 970 3444 rei
992 3390 1117 3466 tempus
1138 3379 1322 3465 impendere
1343 3379 1490 3459 voluisse,
1512 3391 1547 3444 ut
1569 3379 1610 3443 ab
1632 3378 1714 3443 libro
1736 3381 1800 3460 περὶ
1821 3386 1883 3442 τῶν
1903 3380 1936 3442 ἐν
1953 3377 2066 3466 Ἰταλίᾳ
2089 3384 2174 3443 θαα-

250 3487 372 3565 μασίων
399 3489 542 3572 relapsus
571 3487 612 3551 ad
641 3488 802 3552 literam}
831 3485 864 3568 (i.
888 3510 915 3552 e.
938 3487 979 3552 ad
1000 3488 1124 3561 ἐθνικάς
1145 3485 1323 3568 ὀνομασίας)
1354 3486 1457 3552 denuo
1485 3486 1526 3551 ad
1547 3486 1672 3551 initium
1695 3487 1824 3552 tabulae
1847 3497 1878 3553 et
1899 3488 2023 3553 literam
2045 3498 2066 3549 ιῖ
2087 3486 2121 3569 (i.
2145 3511 2175 3554 e.

254 3593 295 3659 ad
317 3594 441 3658 titulum
463 3596 528 3676 περί
544 3592 676 3677 ἀνίμων)
700 3596 906 3685 relaberetur,
928 3619 968 3659 an
990 3605 1132 3681 praestat
1152 3606 1264 3681 putare
1285 3595 1317 3658 in
1340 3595 1450 3660 tabula
1472 3595 1588 3660 librum
1609 3596 1674 3677 περὶ
1696 3592 1815 3675 ἀνίμων
1835 3618 1948 3661 revera
1970 3594 2082 3663 eodem
2104 3597 2175 3663 loco

253 3713 349 3789 atque
367 3704 431 3784 περὶ
447 3704 670 3782 μετονομασίας
690 3701 810 3782 ἰχθύων
826 3703 969 3767 libellum
991 3703 1088 3767 fuisse
1109 3702 1245 3787 positum
1268 3714 1377 3790 utpote
1399 3703 1557 3768 communi
1580 3704 1709 3765 ἐθνικῶν
1731 3700 1903 3782 ὀνομασιῶν
1923 3704 2015 3769 titulo
2038 3704 2176 3792 quodam

253 3810 344 3897 quasi
367 3810 493 3875 vinculo
517 3811 547 3875 ei
561 3810 786 3875 coniunctum?
808 3810 922 3898 Itaque
945 3834 1041 3898 quum
1063 3813 1128 3892 περὶ
1150 3808 1268 3890 ἀνίμων
1288 3812 1369 3876 liber
1391 3809 1430 3874 ad
1452 3811 1748 3898 glossographicum
1769 3834 1870 3899 genus
1891 3813 2088 3898 pertinuerit,
2110 3836 2174 3879 non

253 3919 318 3983 iam
341 3942 436 3983 causa
459 3929 506 3984 est
529 3919 604 4000 ulla,
628 3941 684 3984 cur
706 3942 776 3982 curn
792 3918 1003 4003 Bernhardyo
1018 3919 1260 3999 „Eratosthem”
1274 3943 1306 4004 p.
1321 3920 1391 3983 165.
1415 3918 1594 3984 dubitemus
1615 3942 1691 3984 num
1708 3917 1904 3984 Callimacho
1919 3918 2085 3986 Bentleius
2106 3921 2175 3986 iure

254 4026 465 4112 assignaverit
485 4027 601 4091 librum
623 4030 687 4108 περὶ
710 4025 841 4106 ἀνίμων,
863 4038 972 4113 utpote
994 4049 1091 4113 quum
1113 4027 1153 4091 ab
1175 4020 1314 4113 physicis
1336 4027 1391 4091 ille
1412 4027 1619 4095 abhorruerit
1650 4062 1690 4072 —
1721 4025 1870 4092 Ceterum
1892 4039 2020 4115 praeter
2040 4028 2175 4115 piscium

253 4144 285 4198 et
314 4144 480 4199 ventorum
511 4135 606 4199 etiam
636 4136 770 4199 aliarum
798 4158 902 4199 rerum
932 4134 1061 4199 nomina
1088 4135 1121 4198 in
1143 4135 1272 4197 ἐθνικῶν
1293 4132 1466 4214 ὀνομασιῶν
1487 4134 1568 4199 libro
1592 4141 1777 4199 enumerata
1799 4134 1908 4200 eadem
1932 4135 2056 4201 ratione
2077 4137 2194 4214 fuisse¹

253 4265 317 4307 non
333 4253 380 4306 est
395 4242 612 4328 improbabile.
635 4241 714 4306 illud
737 4253 840 4306 autem
864 4242 991 4327 probari
1013 4264 1077 4306 οοο
1098 4265 1192 4327 posse
1213 4253 1370 4329 putamus,
1393 4241 1477 4329 quod
1493 4241 1663 4308 Blomfield
1685 4266 1715 4329 p.
1732 4242 1794 4306 219
1809 4254 1887 4308 extr.
1913 4243 2055 4325 coniecit,
2079 4245 2175 4309 etiam

253 4349 370 4415 librum
399 4352 463 4432 αερί
492 4348 602 4433 ὀρνίων
632 4350 742 4415 codem
769 4350 976 4436 pertinuisse,
1007 4350 1094 4413 cuius
1122 4374 1218 4436 quum
1241 4349 1307 4415 XV
1329 4349 1368 4414 ad
1391 4350 1556 4414 minimum
1579 4352 1667 4416 locos
1690 4374 1709 4414 a
1731 4351 1936 4438 scriptoribus
1958 4362 2100 4417 servatos
2122 4354 2177 4417 ha-

254 4457 395 4539 beamus,
418 4460 526 4524 nullua
546 4470 652 4536 tamen
675 4468 723 4522 est
744 4459 798 4545 qui
819 4456 1084 4544 glossographum
1108 4481 1145 4523 eo
1168 4459 1248 4523 libro
1271 4458 1374 4544 egisse
1397 4456 1627 4524 Callimachum
1651 4458 1773 4539 doceat,
1796 4458 1851 4523 sed
1874 4481 1983 4524 omnes
2006 4458 2176 4525 ostendunt

254 4567 431 4653 physicum,
454 4567 507 4653 qui
531 4589 602 4639 cum
624 4567 760 4631 naturali
783 4567 921 4646 historia,
945 4565 972 4629 si
993 4565 1163 4653 quidpiam,
1193 4565 1269 4630 nihil
1292 4566 1491 4631 coniunxerit
1512 4566 1572 4630 nisi
1594 4566 1767 4652 mythicam
1789 4567 1961 4631 historiam.
2004 4567 2119 4654 Itaque
2140 4577 2176 4633 ut

254 4674 376 4746 ἐθνικὰς
398 4670 563 4752 ὀνομασίας
584 4697 648 4737 una
670 4682 739 4738 cum
762 4675 904 4761 partibus
927 4673 991 4738 suis
1014 4674 1093 4756 (περὶ
1114 4674 1335 4754 μετονομασίας
1357 4673 1478 4753 ἰχθύων
1500 4682 1532 4738 et
1553 4671 1685 4756 ἀνίμων)
1713 4673 1878 4739 ἱο’1ο1)ο1α
1900 4675 2082 4762 reponimus
2105 4698 2128 4739 s.
2150 4685 2177 4751 ε’,

254 4779 298 4845 ita
319 4784 382 4863 ιιερί
405 4779 516 4864 ὀρνίων
537 4781 664 4845 titulum
686 4782 755 4846 iure
776 4783 950 4847 referemus
972 4780 1013 4845 ad
1035 4781 1157 4846 literam
1180 4792 1206 4843 ὀ.

356 4887 421 4953 Sed
443 4902 610 4977 postquam
632 4889 665 4952 in
687 4888 829 4954 ordinem
852 4888 1015 4976 coe‘gimus
1036 4889 1143 4954 titulos
1166 4890 1220 4976 qui
1242 4912 1314 4953 eum
1336 4890 1603 4977 subterfugerant,
1626 4888 1790 4965 videamus
1812 4889 1888 4978 quid
1909 4890 1972 4955 illis
1995 4889 2177 4955 faciendum

253 4996 303 5076 sit,
327 5019 406 5082 quos
421 4997 561 5081 priorum
576 4996 719 5062 ordinem
733 4998 894 5063 titulorum
911 4996 1088 5062 disturbare
1102 4996 1290 5078 monuimus,
1311 4996 1452 5078 Σεμέλην,
1470 4996 1618 5074 Ἐλπίδος,
1639 4997 1725 5079 μέλη.
1768 4999 1835 5063 Eos
1856 5008 1962 5063 autem
1983 4998 2015 5062 in
2038 5000 2177 5063 alienum

254 5126 289 5168 se
310 5102 488 5168 insinuasse
510 5105 615 5169 locum
630 5128 795 5192 negamus,
817 5103 873 5170 sed
895 5104 1060 5191 pristinum
1082 5116 1229 5192 putamus
1251 5127 1396 5170 servasse
1418 5105 1477 5171 etsi
1499 5105 1610 5171 deletis
1632 5129 1652 5170 a
1673 5105 1773 5172 Suida
1795 5107 1894 5172 titulis
1916 5106 2032 5192 quibus
2053 5106 2099 5170 illi
2122 5104 2177 5171 ad·

253 5211 445 5293 haerebant,
475 5220 510 5276 ut
539 5234 635 5299 saepe
663 5213 808 5279 videmus
837 5237 878 5278 ex
898 5212 996 5278 totius
1017 5213 1152 5286 aedificii
1173 5213 1264 5278 ruina
1286 5223 1431 5281 extantes
1452 5214 1573 5303 aliquot
1593 5214 1749 5300 parietum
1770 5215 1940 5301 particulas
1963 5214 2175 5301 collapsisque
