4844 6224
1068 387 1376 450 -7--

239 559 379 623 tactum
402 579 472 621 esse
487 556 520 620 in
539 553 735 634 Democrito,
758 575 853 641 quem
874 562 1004 639 praeter
1024 552 1230 640 philosophos
1250 575 1316 618 non
1338 550 1508 618 admodum
1528 552 1619 619 multi
1639 563 1707 619 tum
1728 553 1877 626 videntur
1899 553 2052 641 attigisse,
2074 577 2186 642 parum

260 661 410 730 credibile
431 677 580 751 putamus
602 686 672 728 esse
694 660 914 750 babemusque
934 662 967 727 in
991 683 1029 726 ea
1051 684 1086 726 re
1108 662 1333 727 assentientem
1352 661 1447 726 nohis
1462 660 1719 748 Bernhardyum,
1740 662 1849 728 histor.
1865 662 1946 728 liter.
1961 659 2080 728 Graec.
2096 662 2185 744 11,2.

259 797 291 860 p.
314 773 386 837 639.
410 771 460 837 ed.
482 771 527 837 ΙΙ.
557 773 666 860 itaque
695 782 881 858 corruptum
906 781 1055 856 putamus
1083 793 1155 835 eum
1177 770 1281 835 locum
1304 793 1374 834 cum
1398 767 1509 834 eodem
1531 769 1711 834 Bernhard.
1734 770 1775 836 ad
1797 771 1885 837 Suid.
1906 771 1953 852 II,
1978 776 2004 836 l.
2026 794 2058 858 p.
2080 772 2131 836 46.
2154 782 2186 837 et

259 881 410 947 Heckero
431 878 577 962 „Comm
594 879 738 947 Callim.''
760 902 791 966 p.
807 881 837 944 3.
862 890 894 944 et
913 877 1076 942 Meinekio
1099 877 1139 942 ad
1161 875 1286 943 Callim.
1308 902 1340 965 p.
1363 876 1439 942 XV.
1463 889 1553 959 extr,
1576 901 1751 965 equorum
1774 889 1882 944 tamen
1903 879 2020 944 iudicio
2042 890 2186 946 nostrum

211 969 220 986 ⁸
258 990 303 1055 ita
325 989 500 1076 discrepat,
523 1000 559 1054 ut
579 1011 645 1054 non
665 988 830 1068 librarios,
859 986 916 1052 sed
936 986 1040 1073 ipsum
1064 983 1197 1052 Suidam
1217 986 1249 1051 in
1272 987 1367 1071 eulpa
1389 986 1487 1051 fuisse
1508 997 1674 1073 putemus,
1704 986 1759 1075 qui
1780 988 1866 1053 male
1887 988 2082 1053 contraxerit
2104 1012 2187 1076 quae

258 1098 303 1163 ita
330 1099 425 1184 plene
456 1097 575 1181 scripta
602 1107 693 1161 erant
721 1096 762 1161 ab
793 1118 830 1161 eo
860 1094 945 1160 unde
971 1095 1113 1161 tabulam
1136 1094 1324 1182 desumpsit:
1354 1096 1444 1170 πίναξ
1465 1091 1524 1180 [καί
1547 1093 1706 1176 ἀναγραφὴ
1727 1101 1789 1158 τῶν
1811 1096 1996 1179 φιλοσόφων,
2018 1098 2051 1159 ἓν
2071 1092 2116 1171 οἷς
2135 1100 2184 1161 καὶ

259 1201 335 1290 περὶ]
359 1212 423 1268 τῶν
443 1205 640 1286 Δημοκρίτου
661 1189 808 1286 γλωσσῶν
828 1206 876 1265 καὶ
899 1203 1129 1285 συνταγμάτων,
1152 1203 1340 1291 quibuscum
1363 1204 1500 1268 conferri
1522 1203 1668 1268 iubemus
1690 1218 1773 1290 quae
1789 1201 1905 1269 Suidas
1927 1205 2026 1277 habet
2047 1229 2071 1270 s.
2086 1204 2184 1289 Μάρ-

258 1319 359 1389 κελλος
379 1313 528 1394 Σιδήτας·
551 1351 592 1361 -
618 1303 707 1388 οὗτος
728 1312 839 1395 ἕγραιγι
861 1311 898 1373 δι’
920 1313 1002 1375 dacia
1021 1310 1161 1396 ἡρωικῶν
1181 1312 1287 1389 βιβλία
1310 1298 1427 1394 ίατραιά
1446 1312 1518 1391 μβ,
1547 1312 1561 1373 ί
1569 1337 1585 1371 ν
1612 1306 1654 1373 οἷ
1655 1335 1671 1385 ς
1690 1313 1753 1373 καί
1774 1314 1859 1394 περὶ
1881 1312 2183 1395 λυκανθριόπου.

261 1423 376 1510 Itaque
403 1423 437 1487 in
465 1445 503 1486 ea
523 1421 631 1507 magni
653 1421 822 1485 voluminis
843 1431 934 1508 parte
956 1444 1020 1509 qua
1041 1420 1081 1484 de
1101 1408 1297 1507 philosophia
1320 1418 1536 1485 Callimachus
1558 1421 1705 1507 exposuit
1733 1421 1932 1486 enumeravit
1954 1422 2048 1487 etiam
2063 1426 2107 1488 'ut
2127 1446 2185 1509 par

263 1544 332 1597 erat
346 1530 523 1596 Democriti
539 1530 636 1594 libros
651 1541 683 1595 et
697 1529 799 1594 obiter
816 1528 855 1593 de
868 1529 993 1594 insolito
1010 1539 1041 1594 et
1060 1529 1282 1615 glossematico
1305 1529 1373 1592 eius
1394 1528 1518 1592 dicendi
1540 1552 1659 1615 genere
1681 1528 1855 1610 admonuit,
1877 1553 1973 1617 quem
1995 1529 2034 1595 ad
2057 1530 2185 1596 modum

263 1641 357 1705 etiam
371 1638 619 1725 Aristophanem
634 1638 827 1724 Byzantium
849 1637 883 1701 in
905 1637 1138 1703 commentariis
1160 1661 1239 1725 quos
1261 1637 1293 1700 in
1309 1635 1499 1701 Callimachi
1521 1637 1578 1702 hos
1599 1639 1726 1711 πίνακας
1748 1638 1873 1725 scripsit
1894 1639 2008 1704 fecisse
2029 1638 2184 1705 videmus.

260 1749 299 1813 cf.
322 1747 461 1832 Diogen.
478 1746 584 1810 Laert.
599 1745 643 1826 X,
668 1748 716 1811 13.
738 1756 771 1811 et
792 1746 949 1810 Athenae.
972 1745 1033 1826 IX,
1057 1770 1088 1833 p.
1111 1747 1182 1809 408.
1204 1745 1241 1809 F.
1264 1744 1348 1832 apud
1371 1745 1496 1811 Nauck.
1521 1746 1560 1810 de
1582 1746 1746 1830 Aristoph.
1768 1745 1852 1833 Bya.
1867 1748 1979 1834 fragm.
1994 1772 2025 1835 p.
2040 1749 2102 1812 250
2116 1770 2184 1836 seq.

151 1843 155 1846 ⁴
260 1878 300 1920 ne
315 1855 386 1941 quis
400 1865 507 1919 autem
522 1852 686 1919 eiusmodi
708 1854 964 1919 observationem
985 1856 1102 1918 factam
1123 1854 1254 1919 miretur
1274 1854 1308 1918 in
1329 1854 1437 1942 aliqua
1458 1855 1578 1934 tabula,
1601 1877 1683 1941 quae
1704 1853 1783 1919 nihil
1803 1864 1931 1942 praeter
1953 1854 2055 1921 nudos
2078 1857 2185 1922 titulos

260 1964 380 2029 habere
403 1963 522 2043 soleat,
546 1960 749 2028 concedimus
772 1963 831 2027 boc
853 1987 872 2027 a
893 1962 1073 2026 tabularum
1097 1974 1210 2026 natura
1231 1963 1369 2027 alienum
1392 1985 1478 2042 esse,
1508 1962 1564 2027 sed
1587 1963 1824 2030 exeusationem
1847 1964 1968 2029 babere
1990 1964 2073 2030 inira
2094 1964 2186 2031 doce·

261 2072 374 2136 bimus.
397 2083 493 2158 atque
515 2071 659 2135 similiter
681 2070 781 2135 Ibidis
802 2070 973 2135 memoriae
996 2070 1120 2135 adiecta
1142 2072 1277 2156 legimus
1299 2069 1395 2135 haec:
1417 2069 1480 2133 ibas
1502 2071 1535 2132 ds*
1556 2072 1673 2151 ποίημα
1694 2072 1956 2152 ἐπιτετηδευμένον
1976 2075 2017 2145 είς
2039 2070 2186 2154 ἀσάφειαν

258 2182 306 2243 καί
335 2181 488 2261 λοιδορίαν
515 2178 555 2254 τίς
583 2204 650 2242 τινα
671 2170 763 2258 Ἶβιν,
792 2176 948 2260 γινόμενον
974 2179 1090 2261 ἐχθρόν
1115 2178 1331 2259 Καλλιμάχου,
1359 2170 1397 2258 ἦν
1425 2179 1459 2241 δὲ
1487 2168 1576 2252 οὗτος
1595 2177 1795 2254 Ἀπολλώνιος
1823 2178 1839 2243 ὁ
1866 2171 1988 2262 γράψαξ
2014 2181 2052 2243 τά
2074 2178 2183 2264 Ἀργυ-

146 2339 147 2348 ,
258 2288 393 2352 ναυτικά.
425 2288 496 2369 ubi,
526 2288 611 2376 qnod
639 2288 745 2353 obiter
771 2310 901 2368 moneo,
929 2310 981 2351 me
1010 2310 1074 2352 non
1102 2287 1281 2374 intelligere
1308 2289 1427 2368 fateor,
1459 2311 1521 2374 quo
1543 2288 1613 2352 iure
1628 2280 1706 2366 ’Ῑβιν
1728 2288 1865 2353 editores
1886 2288 2071 2375 scripserint
2091 2290 2185 2355 litera

260 2396 440 2485 grandiore,
453 2396 553 2485 ‘quasi
574 2397 739 2484 proprium
761 2407 845 2461 esset
866 2418 993 2460 nomen.
1015 2394 1078 2460 imo
1100 2394 1302 2460 scribendum
1323 2395 1364 2470 τίς
1384 2420 1452 2457 τινα
1473 2391 1542 2473 ἶβιν,
1564 2396 1618 2477 „in
1640 2397 1800 2484 quendam
1823 2396 1913 2483 quasi
1934 2396 2028 2480 ibin'',
2059 2395 2098 2462 de
2120 2418 2183 2485 quo

259 2505 462 2592 pronominis*
477 2504 632 2570 indefiniti
654 2529 711 2570 usu
735 2506 774 2570 of.
798 2503 1054 2598 Schoemannum
1077 2502 1116 2568 ad
1138 2503 1301 2582 Plutarch.
1323 2503 1386 2590 Ag.
1411 2528 1441 2589 p.
1465 2504 1514 2566 73.
2143 2491 2146 2500 ’

360 2613 513 2701 Sequitur
542 2613 716 2692 θαυμάτων
743 2620 806 2676 τῶν
833 2615 873 2686 είς
901 2609 1022 2674 ἅπασαν
1050 2612 1105 2693 τὴν
1132 2619 1187 2693 γῆν
1215 2612 1293 2674 κατὰ
1314 2610 1427 2686 τόπους
1449 2608 1546 2675 ὄντων
1567 2611 1740 2694 συναγωγή,
1771 2636 1853 2701 quse
1876 2637 1972 2700 quum
1995 2614 2064 2679 sine
2087 2614 2184 2680 dubio

258 2733 386 2810 praeter
401 2722 479 2786 alios
494 2721 593 2786 libros
612 2722 790 2806 singulares
811 2722 1075 2807 complecteretur
1097 2720 1192 2786 etiam
1213 2721 1251 2783 τδ
1271 2722 1303 2783 ἓν
1323 2720 1546 2807 Πελοποννήσῳ
1566 2723 1616 2783 καὶ
1633 2718 1747 2807 Ἰταλίᾳ
1769 2721 1932 2800 θαυμάσια
1952 2723 2000 2783 καί
2022 2721 2181 2806 παράδοξα
2233 2727 2240 2739 ’

260 2832 312 2896 vel
333 2830 438 2917 potius
460 2853 516 2894 suo
538 2852 697 2917 quemque
719 2831 789 2894 loco
811 2830 948 2916 positum
969 2829 1003 2894 in
1025 2852 1063 2894 eo
1086 2829 1244 2894 volumine
1266 2829 1383 2894 librum
1404 2831 1469 2912 περὶ
1491 2835 1552 2892 τῶν
1573 2830 1605 2891 ἓν
1625 2831 1700 2893 Πολ.
1724 2831 1910 2909 θαυμασίων
1929 2833 1978 2891 καί
1999 2829 2182 2912 παραδόξων

259 2950 291 3004 et
319 2939 436 3003 librum
464 2940 529 3021 περὶ
556 2944 618 3000 τῶν
646 2939 678 2998 ἓν
702 2935 815 3025 Ἰταλίρ
842 2939 1028 3018 θαυμασίων
1055 2940 1104 3000 καί
1133 2936 1314 3020 παραδόξων
1341 2936 1429 3020 (nam
1458 2938 1510 3003 bio
1537 2961 1665 3026 quoque
1691 2962 1757 3003 non
1779 2950 1827 3004 est
1848 2937 1979 3003 dubium
2002 2938 2079 3025 quin
2102 2937 2182 3006 duos

258 3047 367 3112 titulos
389 3044 505 3112 Suidas
534 3047 618 3110 male
644 3045 728 3111 inter
748 3069 784 3110 se
807 3045 1038 3126 coniunxerit),
1066 3056 1176 3131 aperte
1197 3047 1355 3132 generalis
1377 3046 1438 3112 iste
1459 3047 1568 3111 titulus
1589 3049 1693 3112 locum
1716 3047 1775 3112 sibi
1798 3046 1938 3111 vindicat
1960 3059 2034 3112 ante
2056 3047 2182 3111 titulum

259 3154 315 3242 qui
344 3165 392 3218 est
420 3155 486 3234 περὶ
514 3160 576 3216 τῶν
605 3155 636 3216 δν
664 3157 739 3218 Πιλ.
761 3189 802 3200 -
825 3156 1012 3233 θαυμασίων
1031 3157 1079 3216 καί
1102 3154 1283 3238 παραδόξων
1304 3155 1325 3219 i.
1348 3177 1375 3220 e.
1398 3178 1424 3218 s.
1447 3155 1539 3219 litera
1559 3165 1590 3218 οῖ.
1634 3153 1700 3220 Sed
1721 3155 1754 3219 in
1777 3154 1861 3220 hunc
1883 3157 1988 3220 locum
2010 3155 2179 3242 quominus

258 3262 458 3342 restituatur,
486 3262 612 3327 obstare
641 3261 768 3327 videtur
795 3262 881 3350 quod
908 3263 939 3327 in
961 3263 1105 3349 generali
1126 3265 1186 3328 isto
1208 3263 1299 3328 titulo
1321 3263 1413 3328 litera
1433 3273 1456 3324 ῑτ
1475 3286 1538 3327 non
1561 3274 1695 3350 apparet
1716 3264 1777 3343 ita,
1806 3263 1951 3328 utillum
1973 3265 2079 3328 locum
2101 3263 2182 3328 tueri

257 3370 366 3456 possit.
411 3371 532 3434 Verum
561 3370 645 3434 enim
674 3393 750 3435 vero
781 3370 875 3436 etiam
904 3371 955 3436 hic
977 3370 1097 3436 Suidae
1125 3371 1212 3435 illam
1240 3372 1469 3457 negligentiam
1499 3382 1530 3435 et
1557 3370 1723 3437 libidinem
1751 3382 1931 3458 grassatam
1960 3394 2030 3436 esse
2059 3371 2111 3437 vel
2142 3394 2181 3437 eo

258 3478 470 3564 cognoscitur,
493 3477 578 3564 quod
600 3476 783 3565 Stephanus
804 3478 982 3566 Byzantius
1004 3503 1028 3544 s.
1051 3478 1199 3561 Κραννών
1220 3502 1250 3565 p.
1273 3480 1346 3559 382,
1367 3481 1398 3543 3.
1420 3478 1517 3544 Mein.
1542 3479 1619 3545 citat
1641 3477 1828 3546 Callimachi
1850 3503 1914 3544 non
1938 3478 2101 3558 Θαάματα,
2124 3479 2181 3545 sed

259 3586 441 3665 Θαυμάσιά,
470 3588 523 3673 qui
552 3587 663 3652 titulus
692 3586 835 3672 proxime
865 3585 988 3652 aceedit
1016 3586 1056 3653 ad
1079 3587 1276 3674 singulorum
1296 3588 1447 3652 librorum
1471 3589 1553 3653 tituli
1575 3589 1710 3652 formam
1732 3589 1815 3652 hanc
1836 3588 1876 3652 ab
1899 3588 1967 3673 ipso
1990 3586 2091 3654 Suids
2112 3610 2182 3675 pro·

258 3694 371 3760 ditam:
393 3698 457 3774 περὶ
479 3701 603 3757 τῶν-
625 3696 869 3774 θαυμασίων
888 3698 937 3757 καί
959 3695 1148 3779 παραδόξων,
1170 3717 1272 3781 eaque
1294 3695 1465 3760 similitudo
1488 3695 1609 3775 suadet,
1639 3695 1728 3761 utin
1751 3719 1952 3761 communem
1973 3697 2070 3762 totius
2094 3696 2182 3761 volu·

256 3803 350 3868 minis
378 3804 504 3869 titulum
533 3826 574 3867 ex
602 3804 799 3890 singulorum
828 3803 919 3868 titulo
949 3804 1103 3868 librorum
1133 3803 1322 3888 recipiamus
1351 3804 1446 3868 etiam
1475 3806 1546 3880 „aui
1575 3802 1783 3887 παραδόξων”.
1828 3804 1935 3892 Atque
1964 3804 2026 3869 boc
2053 3802 2181 3891 quidem

242 3911 386 3999 probari
421 3912 516 3976 etiam
550 3911 678 3976 aliunde
707 3922 821 3998 potest.
880 3911 1064 3997 Antigonus
1084 3911 1177 4003 ¹anim
1209 3909 1375 3996 Carystius
1405 3912 1459 3998 qui
1488 3911 1603 3977 dicitur
1631 3934 1702 3997 cap.
1731 3902 1891 3977 CXXIX.
1919 3910 2040 3993 (144.),
2068 3934 2099 3997 p.
2129 3911 2180 3975 92.

256 4019 428 4085 Westerm.
454 4017 657 4106 Cyrenaeum
680 4017 911 4085 Callimachum
933 4020 1045 4084 fecisse
1067 4018 1143 4084 dicit
1163 4019 1283 4100 ἐκλογὴν
1304 4026 1367 4082 τῶν
1387 4018 1584 4100 παραδόξων,
1612 4019 1697 4085 unde
1725 4030 1949 4106 excerptumm
1970 4042 2005 4083 se
2025 4018 2184 4106 promittit

259 4150 342 4217 quae
370 4137 549 4204 memoratu
578 4127 676 4214 digna
704 4126 880 4193 videantur.
918 4150 1013 4216 quem
1042 4127 1157 4192 librum
1187 4126 1454 4192 Westermannus
1484 4128 1583 4215 praef.
1606 4127 1826 4215 Paradoxogr.
1846 4151 1878 4214 p.
1900 4127 1945 4192 X.
1967 4150 1987 4192 a
2008 4125 2182 4206 θαυμάτων

257 4243 320 4299 τῶν
347 4238 388 4310 είς
416 4233 539 4297 ἅπασαν
567 4235 622 4315 τὴν
648 4241 704 4317 γῆν
729 4235 809 4299 κατὰ
836 4235 948 4310 τόπους
969 4233 1066 4300 άντων
1086 4242 1246 4318 συναγωγῇ
1266 4258 1331 4300 σου
1354 4234 1513 4300 diversum
1535 4236 1632 4301 fuisse
1654 4236 1774 4302 statuit.
1803 4236 1918 4301 iniuria
1938 4235 2076 4323 quidem.
2106 4258 2181 4301 nam

256 4367 339 4431 quae
355 4367 394 4409 ex
412 4344 523 4431 eeloge
537 4343 598 4409 ista
616 4354 767 4429 excerpta
783 4343 870 4409 dedit
884 4344 1042 4409 mirabilia
1063 4342 1255 4429 Antigonus,
1276 4367 1341 4409 non
1363 4355 1437 4409 sunt
1458 4342 1630 4408 secundum
1654 4344 1799 4431 regiones
1822 4343 2010 4409 concinnata
2032 4353 2067 4408 ut
2081 4341 2181 4409 Suida

255 4463 335 4545 teste
363 4453 492 4517 fuerunt
520 4453 553 4517 in
582 4460 758 4536 συναγωγῇ,
787 4451 842 4517 sed
872 4453 1008 4537 primum
1037 4465 1254 4517 memorantur
1280 4474 1363 4540 quae
1391 4451 1611 4517 memorabilia
1639 4451 1702 4516 sint
1722 4452 1754 4513 ἓν
1775 4452 1931 4535 θαλάττῃ,
1961 4450 2075 4516 deinde
2097 4473 2180 4538 quae

255 4558 396 4625 habeant
416 4562 549 4639 ποταμοὶ
569 4564 617 4622 καί
638 4568 742 4642 κρῆναι
764 4560 992 4636 memorabilia,
1016 4571 1083 4625 tum
1105 4583 1188 4647 quaa
1202 4560 1313 4641 λίμναι,
1335 4583 1418 4646 quae
1440 4556 1547 4635 ὕδατα,
1569 4581 1652 4646 quae
1672 4567 1742 4644 πῦρ,
1763 4581 1847 4648 quae
1869 4561 1962 4636 λίθοι,
1983 4581 2066 4646 quae
2088 4557 2180 4641 φυτά,

256 4666 395 4754 denique
410 4691 492 4755 quae
509 4670 581 4745 ζῶα,
601 4669 634 4734 in
649 4691 842 4756 unoquoque
857 4679 964 4734 autem
983 4690 1102 4754 genere
1123 4669 1316 4755 singulae
1338 4689 1404 4735 res
1425 4668 1504 4730 κατὰ
1523 4677 1669 4748 στοιχεῖον
1690 4677 1895 4735 enumeratae
1916 4666 2013 4733 luisse
2033 4666 2180 4733 videntur

256 4774 312 4855 (ef.
329 4776 471 4864 inprimis
486 4800 555 4863 cap.
575 4774 1025 4856 CXXXIII-CXXXVI).
1051 4799 1134 4862 quae
1154 4776 1317 4862 dispositio
1338 4800 1437 4864 quum
1458 4800 1523 4842 non
1546 4776 1692 4842 videatur
1712 4777 1753 4841 ab
1775 4776 1939 4863 Antigono
1960 4774 2087 4839 demum
2108 4797 2181 4863 pro·

256 4883 340 4950 fecta
362 4905 443 4964 esse,
473 4884 580 4972 quiin
603 4884 649 4949 eis
670 4906 754 4970 quae
775 4883 904 4949 aliunde
926 4893 1023 4971 atque
1046 4905 1064 4949 e
1087 4882 1283 4950 Callimacho
1305 4885 1439 4972 sumpsit
1459 4885 1547 4950 nullo
1569 4894 1656 4950 certo
1679 4895 1786 4950 utatur
1808 4884 1934 4965 ordine,
1964 4893 2109 4970 apertum
2132 4895 2181 4950 est

256 4990 399 5058 diversos
425 4992 522 5058 fuisse
551 4991 649 5056 libros
678 4989 854 5073 συναγωγήν
881 5001 915 5058 et
942 4990 1062 5074 ἐκλογήν
1091 5003 1187 5080 atque
1213 5014 1326 5058 revera
1346 4991 1510 5080 Antigono
1539 4991 1580 5057 ad
1607 5015 1721 5057 manus
1748 4991 1845 5056 fuisse
1866 5014 1930 5056 non
1953 4990 2075 5078 grande
2096 4991 2180 5057 istud

258 5095 447 5165 Callimachi
470 5100 638 5179 volumen,
667 5097 723 5163 sed
750 5098 890 5187 aliquam
919 5099 987 5166 sive
1010 5099 1142 5187 abipso
1166 5099 1381 5182 Callimacho,
1411 5111 1446 5167 ut
1467 5099 1649 5187 Antigonus
1670 5100 1798 5181 statuit,
1829 5099 1914 5179 sive,
1943 5098 2030 5186 quod
2051 5099 2179 5187 quidem

255 5205 359 5292 magis
381 5205 492 5290 eredo,
520 5206 561 5273 ab
583 5205 646 5273 alio
668 5205 777 5295 aliquo
798 5207 873 5274 inde
895 5208 1012 5275 iactam
1034 5208 1180 5296 eologen,
1202 5208 1252 5275 eui
1274 5230 1372 5297 quum
1393 5207 1580 5296 inscriptum
1601 5208 1697 5274 fuerit
1718 5215 1791 5272 τῶν
1811 5205 2047 5290 παραδόξων
2067 5205 2179 5287 ἐκλογή,
