4844 6224
318 1312 387 1432 De
435 1292 729 1433 Callimachi
768 1270 978 1456 operum
1019 1317 1195 1431 tabida
1235 1353 1363 1462 quae
1405 1325 1548 1432 extet
1588 1321 1721 1456 apud
1764 1319 1970 1433 Snidem
2029 1262 2031 1268 i

891 1503 1396 1600 commentatio,

1070 1708 1221 1719 ——-.

1130 1819 1158 1886 I.

285 1927 392 2006 Quum
415 1927 494 1993 alias
516 1950 612 2015 saepe
633 1929 767 1993 multum
789 1928 874 2019 mihi,
889 1926 1009 1994 Suidae
1030 1929 1119 1994 locus
1141 1929 1194 2017 qui
1217 1938 1266 1994 est
1287 1928 1327 1994 de
1348 1927 1535 1994 Callimachi
1555 1927 1622 1994 vita
1644 1937 1676 1995 et
1697 1930 1845 2017 operibns
1866 1932 1986 2018 negotii
2007 1933 2106 2000 iaces·

184 2035 276 2117 sivit,
306 2047 373 2101 tum
401 2059 505 2122 nuper
532 2034 702 2101 admodum
731 2059 803 2102 non·
825 2037 924 2103 semel
952 2036 1051 2101 illusit
1078 2060 1130 2103 me
1152 2048 1184 2102 et
1205 2047 1421 2102 transvorsum
1446 2036 1512 2124 egit
1532 2059 1631 2124 quum
1652 2037 1685 2102 in
1707 2036 1889 2125 digerendis
1909 2050 2025 2127 poetae
2045 2041 2107 2108 fra·

77 2207 81 2220 ,
183 2143 322 2230 gmeutis
337 2155 519 2231 occupatus,
535 2155 570 2209 ut
583 2143 679 2209 fidem
695 2145 852 2228 solverem
864 2143 987 2231 pridem
1003 2143 1119 2225 datam,
1141 2144 1182 2209 ad
1199 2168 1291 2209 suum
1306 2143 1455 2233 quodque
1472 2143 1659 2210 Callimachi
1671 2167 1750 2231 opus
1763 2169 1915 2213 revocare
1928 2147 2104 2215 studebam.

184 2274 258 2316 nam
288 2252 446 2317 neminem
474 2262 599 2318 constat
620 2252 793 2339 pleniorem
815 2252 940 2318 dedisse
964 2252 1031 2318 eius
1053 2275 1182 2339 operum
1205 2252 1342 2334 indicem
1364 2275 1460 2340 quam
1476 2250 1592 2318 Suidas
1614 2252 1703 2319 dedit
1722 2255 1787 2320 vol.
1810 2254 1855 2337 ΙΙ,
1879 2259 1908 2320 1.
1930 2279 1961 2341 p.
1982 2256 2024 2322 45
2039 2278 2105 2346 seq.

185 2357 234 2425 ed.
257 2359 395 2425 Bernh.:
424 2358 505 2423 ἴστιν
532 2359 617 2448 αὐτῷ
645 2362 684 2424 τοὶ
711 2361 898 2445 γεγραμμένα
918 2361 1025 2440 βιβλία
1045 2359 1121 2443 ὑπὲρ
1143 2360 1181 2423 τὰ
1199 2358 1246 2424 ω’.
1269 2395 1309 2405 -
1331 2367 1393 2423 τῶν
1415 2360 1451 2422 δὲ
1470 2357 1565 2454 αὐτοῦ
1584 2362 1715 2440 βιβλίων
1735 2362 1798 2425 ἔστί
1819 2365 1868 2424 καλ
1890 2371 2004 2428 ταῦτα·
2029 2361 2108 2439 Ἰοῦς

184 2463 294 2551 άῳιξις,
316 2467 441 2548 Σεμίλη,
455 2464 580 2550 Ἄργους
602 2471 740 2550 οίκισμοί,
754 2469 905 2552 Ἀρκαδία,
926 2472 1070 2546 Γλαῦκος,
1090 2466 1233 2545 Ἐλπίδες,
1254 2467 1408 2550 Σατυρικδ
1422 2466 1573 2552 δράματα,
1599 2470 1783 2556 Τραγῳδίαι,
1803 2472 1985 2558 Κωμῳδίαι,
2008 2471 2107 2554 Mea,

176 2569 270 2654 Ἶβις·
293 2574 356 2639 ἔστι
379 2576 412 2638 δὲ
433 2577 549 2657 ποίημα
570 2576 833 2659 ἐπιτετηδευμένον
852 2579 894 2652 είς
914 2574 1062 2660 ἀσάφειαν
1080 2577 1129 2638 καλ
1150 2577 1302 2659 λοιδορίαν
1323 2574 1364 2650 είς
1384 2600 1452 2638 τινα
1466 2568 1553 2655 Ἶβιν,
1584 2576 1741 2659 γενόμενον
1760 2578 1876 2662 ἐχθρόν
1896 2579 2106 2660 Καλλιμάχου,
2170 2606 2173 2610 ·

54 2726 59 2732 -
183 2675 220 2765 ήν
250 2684 283 2747 δι’
312 2673 401 2758 οὗτος
413 2680 613 2759 Ἀπολλώνιος
640 2684 802 2768 ὄγράψας
822 2683 1104 2768 τὰἍργοναυτικιί·
1134 2687 1305 2761 Μουσεῖαν,
1333 2685 1464 2758 Πίνακες
1484 2691 1548 2748 τῶν
1568 2685 1600 2747 ἓν
1619 2684 1703 2770 πάση
1724 2687 1844 2774 παιδείᾳ
1865 2686 2107 2768 διαλαμψιίντων

51 2809 56 2817 ·
183 2795 231 2854 καλ
256 2781 298 2855 ῶν
320 2792 522 2875 συνίγραψαν,
543 2793 575 2855 ἓν
594 2795 726 2873 βιβλίοις
745 2793 771 2855 κ’
790 2795 839 2855 καί
860 2792 896 2874 ρ’,
917 2793 1018 2868 Πίναξ
1038 2794 1087 2854 καί
1109 2789 1268 2876 ἀναγραφὴ
1287 2799 1350 2855 τῶν
1368 2792 1446 2855 κατὰ
1463 2791 1594 2876 χρόνους
1613 2794 1663 2855 καλ
1684 2790 1734 2855 ἀπ’
1757 2792 1851 2878 ἀρχῆς
1871 2795 2035 2876 γενομίνων
2057 2798 2106 2859 δι-

184 2899 362 2976 δασκάλων,
388 2901 490 2976 Πίναξ
516 2906 579 2963 τῶν
599 2902 795 2985 Δημοκρίτου
823 2905 971 2983 γλωσσῶν
997 2903 1046 2962 καὶ
1075 2899 1311 2982 συνταγμάτων,
1342 2904 1462 2982 Μηνῶν
1490 2901 1685 2984 προσηγορίαι
1712 2901 1790 2964 κατὰ
1820 2900 1911 2976 ίδνος
1924 2905 1978 2965 ’καί
2000 2901 2107 2981 πόλεις,

184 3009 307 3083 Κτίσεις
335 3008 436 3089 νήσων
463 3010 512 3070 καὶ
540 3008 655 3072 πόλεων
673 3011 722 3071 καὶ
743 3010 975 3090 μετονομασίαι,
1003 3011 1080 3091 Περὶ
1102 3016 1164 3072 τῶν
1185 3010 1217 3071 ἰν
1237 3006 1370 3094 Εὐρώπη
1391 3014 1553 3087 ποταμῶν,
1583 3010 1661 3090 Περὶ
1681 3016 1744 3072 τῶν
1764 3010 1796 3072 ἓν
1816 3010 2038 3098 Πελοποννήσῳ
2058 3015 2108 3075 καὶ

181 3112 294 3204 Ἰταλίη
317 3117 504 3197 θαυμασίων
522 3118 571 3178 καὶ
593 3116 789 3199 παραδόξων,
818 3120 895 3200 Περὶ
916 3117 1138 3197 μετονομασίας
1159 3115 1294 3197 ἰχθύων,
1324 3118 1401 3198 Περὶ
1423 3113 1556 3195 ἀνίμων,
1585 3119 1663 3201 Περὶ
1685 3114 1809 3199 όρνίων,
1836 3120 1913 3201 Περὶ
1935 3127 1996 3183 τῶν
2016 3121 2048 3183 ἓν
2068 3122 2109 3206 τῇ

185 3224 343 3308 οίκουμίνη
364 3232 528 3305 ποταμῶν,
558 3225 736 3305 Θαυμάτων
765 3232 827 3288 τῶν
855 3227 895 3299 είς
924 3223 1047 3288 ἅπασαν
1072 3225 1127 3305 τήν
1153 3232 1209 3306 γῆν
1228 3224 1305 3287 κατὰ
1326 3223 1440 3298 τόπους
1461 3222 1558 3288 ὄντων
1579 3224 1747 3307 συναγωγή.
1791 3225 2007 3315 Transcripsit
2026 3228 2108 3295 haec

185 3331 339 3413 eudocia,
362 3356 444 3421 qnae
466 3357 507 3399 ex
529 3334 590 3398 hoc
611 3335 699 3399 fonte
710 3333 888 3399 Violarium
909 3357 1001 3398 suum
1023 3333 1156 3420 irrigare
1171 3332 1301 3414 solebat,
1324 3355 1354 3420 p.
1373 3332 1456 3413 269„
1479 3332 1539 3397 nisi
1560 3332 1646 3420 quod
1667 3333 1831 3420 paululum
1854 3334 1976 3401 variato
1998 3335 2108 3402 ordine

101 3514 110 3525 g
171 3443 313 3528 ‘praeter
333 3441 407 3506 Ibin
429 3441 534 3507 omisit
555 3441 650 3507 etiam
671 3425 770 3506 baec:
792 3442 881 3517 πίναξ
893 3444 941 3503 καὶ
962 3438 1120 3523 ἀναγραφή
1140 3447 1202 3504 τῶν
1220 3439 1298 3502 κατὰ
1315 3439 1445 3522 χρόνους
1464 3456 1492 3503 κ.·
1507 3437 1567 3522 dn.
1589 3438 1619 3505 ά.
1639 3465 1667 3524 γ.
1689 3440 1886 3519 διδασκάλων,
1907 3445 1973 3526 περὶ
1993 3451 2057 3508 τῶν
2077 3444 2109 3506 ίν

186 3548 318 3633 Εόρῶπη
339 3557 501 3629 ποταμῶν,
529 3552 593 3632 περὶ
623 3556 685 3612 τῶν
713 3550 745 3612 ἓν
766 3550 989 3636 Πελοποννήσῳ
1014 3552 1063 3611 καὶ
1082 3546 1135 3612 Ἰτ.
1157 3549 1343 3632 θαυμασίων
1361 3550 1411 3610 καλ
1432 3547 1624 3631 παραδόξων.
1667 3548 1826 3640 Nimirum
1846 3550 1948 3617 noluit
1968 3550 2109 3640 prudens

185 3658 299 3724 mulier
321 3657 352 3722 in
375 3657 510 3722 eandem
533 3681 628 3748 quam
652 3655 768 3723 Suidas
789 3658 952 3723 incurrere
973 3656 1263 3744 reprehensionem.
1294 3656 1402 3743 ecquis
1424 3657 1508 3722 enim
1530 3679 1595 3723 non
1616 3656 1760 3744 increpet
1779 3667 1942 3746 stuporem
1963 3660 2108 3742 hominis,
2189 3741 2192 3748 q

187 3766 241 3854 qui
262 3788 327 3830 non
350 3767 451 3830 solum
475 3747 632 3830 unacum
653 3766 764 3830 tabula
785 3773 847 3828 τῶν
868 3767 882 3828 ί
889 3791 906 3826 ν
927 3764 1032 3848 πάσῃ
1052 3765 1214 3851 παιδείᾳ
1235 3763 1476 3844 διαλαμψάντων
1496 3765 1723 3831 memoraverit
1743 3762 1919 3850 ἀναγραφήν
1935 3774 1997 3830 τῶν
2018 3763 2107 3829 διδαὲ
2186 3748 2190 3757 ’

143 3880 145 3882 ’
186 3872 305 3936 σκάλων
326 3873 360 3955 (ἰ.
385 3897 412 3938 e.
434 3884 599 3960 poetarum
622 3873 820 3938 scenicorum
843 3884 875 3938 et
896 3871 1228 3959 dithyrambicorum),
1253 3873 1309 3938 sed
1333 3872 1427 3938 etiam
1449 3873 1532 3938 libro
1553 3875 1618 3952 περί
1639 3879 1702 3936 τῶν
1722 3873 1736 3935 ί
1743 3899 1760 3934 ν
1780 3872 1988 3959 ολκαυμίνη
2009 3867 2123 3938 ποτα-Ι

186 3987 255 4062 μῶν
276 3982 379 4047 alieno
401 3982 471 4046 loco
495 3980 652 4047 addiderit
673 3993 842 4068 syntagma
863 3985 928 4066 περὶ
950 3989 1012 4045 τῶν
1033 3982 1065 4043 ίν
1088 3979 1217 4065 Εὐροίπη
1235 3988 1391 4061 ποταμῶν,
1412 3981 1488 4046 item
1509 3992 1638 4069 praeter
1659 3982 1834 4063 συναγωγήν
1854 3980 2027 4063 θαυμάτων
2047 3990 2109 4046 τῶν

150 4157 153 4164 ,
186 4091 242 4164 είς
270 4087 426 4151 ἅπασαν
454 4090 522 4170 τήν
543 4097 611 4170 γῆν
630 4090 709 4152 κατὰ
729 4088 842 4164 τόπους
863 4087 960 4153 ὄντων
981 4101 1187 4177 praepostere
1210 4088 1305 4154 etiam
1327 4089 1443 4153 librum
1464 4091 1529 4171 περὶ
1551 4095 1612 4151 τῶν
1633 4090 1665 4152 ίν
1685 4087 1908 4176 Πελοποννήσῳ
1929 4091 1978 4152 καί
1995 4086 2109 4178 Ἰταλίη

187 4198 373 4277 θαυμασίων
386 4200 434 4259 καὶ
450 4196 633 4280 παραδόξων
647 4197 883 4263 nominaverit?
906 4196 968 4262 Vel
982 4196 1061 4263 baec
1075 4189 1218 4285 profecto
1238 4198 1283 4263 ita
1305 4207 1379 4261 sunt
1401 4206 1593 4283 comparata,
1615 4206 1659 4277 ut,
1682 4197 1750 4262 sive
1771 4197 1840 4285 ipse
1860 4198 1944 4263 banc
1964 4198 2109 4264 tabulam

187 4306 373 4393 composuit·
386 4304 503 4372 Suidas
532 4306 600 4370 sive
629 4306 671 4371 ab
699 4306 760 4371 alio
790 4305 939 4394 quopiam
965 4304 997 4369 in
1019 4305 1105 4370 hune
1124 4305 1253 4371 modum
1276 4297 1482 4391 compositam
1504 4303 1686 4390 descripsit,
1713 4316 1846 4393 propter
1866 4305 1994 4371 nimiam
2016 4306 2110 4372 istam

186 4414 416 4502 negligentiam
447 4425 478 4479 et
503 4413 661 4479 inscitiam
687 4436 751 4479 non
774 4423 897 4478 tantum
919 4412 1113 4478 auctoritatis
1133 4412 1244 4479 tabula
1265 4411 1385 4477 habere
1405 4411 1561 4493 videatur,
1583 4434 1678 4500 qnam
1699 4421 1768 4478 tuto
1790 4435 1934 4500 sequare.
1978 4411 2047 4479 Sed
2067 4435 2109 4479 ne

187 4522 262 4611 quid
285 4522 495 4604 dissimulem,
524 4522 778 4587 tertiumrestat
806 4520 883 4602 hoc,
913 4529 948 4585 ut
977 4521 1018 4585 ab
1048 4520 1176 4586 homine
1198 4519 1360 4607 aliquanto
1382 4519 1556 4585 vetustiore
1579 4529 1611 4586 et
1632 4519 1773 4586 doctiore
1794 4544 1890 4608 quam
1913 4518 2029 4587 Suidas
2050 4521 2110 4588 fuit

186 4631 297 4696 tabula
310 4629 483 4717 prudenter
497 4641 529 4695 et
543 4630 666 4695 curiose
686 4629 813 4716 scripta,
836 4629 877 4693 ab
898 4628 959 4693 isto
980 4628 1088 4716 inepte
1111 4640 1142 4693 et
1162 4628 1364 4714 negligenter
1385 4627 1543 4713 descripta
1564 4638 1693 4715 putetur
1714 4651 1793 4694 esse.
1837 4627 1934 4707 Quod
1955 4630 1981 4694 si
2002 4629 2108 4710 fuerit,

187 4761 251 4804 non
279 4738 339 4804 erit
360 4761 416 4803 cur
436 4737 531 4803 fidem
554 4737 751 4824 denegemus
772 4737 917 4818 tabulae,
945 4735 1040 4801 modo
1063 4734 1271 4802 demonstrari
1293 4734 1386 4803 simul
1407 4736 1507 4823 possit
1535 4737 1568 4801 in
1591 4736 1677 4802 omni
1698 4737 1759 4803 ista
1780 4737 1902 4802 incuria
1924 4748 1957 4803 et
1976 4735 2110 4803 stultitia

188 4843 320 4912 Snidam
342 4846 395 4910 via
417 4856 525 4910 tamen
546 4868 584 4911 ac
603 4845 726 4911 ratione
748 4844 948 4931 processisse.
971 4866 1045 4908 nam
1068 4842 1192 4909 detecta
1213 4843 1337 4909 ratione
1358 4867 1423 4931 qua
1442 4867 1519 4910 usus
1541 4855 1590 4910 est
1609 4845 1644 4910 in
1665 4843 1868 4932 depravando
1889 4843 1993 4910 indice
2014 4844 2109 4911 simul

186 4953 239 5018 via
260 4953 418 5041 patefacta
440 4953 499 5018 erit
520 4953 560 5018 ad
584 4952 827 5019 emendandum.
871 4951 979 5040 Atque
1001 4952 1080 5038 haec
1101 4951 1145 5017 ita
1168 4973 1236 5017 esse
1257 4951 1378 5039 liquido
1395 4962 1549 5038 putamus
1571 4951 1779 5018 demonstrari
1800 4975 1905 5040 posse.

288 5061 337 5127 Ac
364 5061 501 5148 primurn
531 5062 658 5149 quidem
685 5083 751 5126 non
780 5061 883 5148 ipsum
906 5057 1039 5129 Suidam
1061 5058 1144 5125 hanc
1164 5059 1318 5125 librorum
1341 5057 1629 5125 Callimacheorum
1652 5059 1793 5125 tabulam
1809 5059 2031 5150 =composuisse
2052 5059 2108 5126 vix

188 5169 294 5257 cupiat
309 5169 368 5234 sibi
383 5168 593 5236 demonstrari
607 5170 660 5258 qui
676 5169 777 5257 probe
792 5168 955 5258 cognitum
971 5168 1069 5233 habet
1090 5190 1154 5256 qua
1175 5167 1299 5234 ratione
1319 5166 1477 5254 quibusve
1497 5189 1573 5233 usus
1594 5166 1720 5233 auxiliis
1742 5164 1858 5234 Suidas
1879 5168 2001 5258 pande
2022 5165 2108 5234 istud

1756 5290 1771 5342 1
