4844 6224
937 434 1376 498 .--11—

343 601 413 666 Iam
429 623 469 666 ex
487 600 771 691 perspecta‘huius
794 601 924 667 tabulae
945 601 1078 682 ratione,
1100 599 1125 664 si
1147 600 1245 665 alium
1266 600 1399 682 nullum,
1423 609 1509 666 certe
1530 598 1616 666 hunc
1638 601 1799 688 capiemus
1820 602 1968 686 frustm
1989 613 2026 670 nt
2047 626 2171 670 errores
2278 648 2280 652 .

241 709 425 776 devitentur
445 711 557 797 quales
578 708 619 774 ad
641 710 727 776 hunc
747 733 849 798 usque
871 709 955 777 diem
978 709 1137 776 commissi
1159 709 1235 775 satis
1256 709 1348 775 multi
1370 720 1455 775 sunt.
1482 711 1570 775 velut
1590 734 1694 798 nuper
1714 710 1884 777 admodum
1906 712 2072 800 Angustus
2093 713 2171 779 Mei·

241 818 367 900 nekius,
388 818 439 883 vir
453 818 612 906 egregius,
626 815 753 902 Ἄργους
766 819 1059 906 οίκισμοδςριιττοια
1073 825 1137 881 τῶν
1155 820 1280 882 κτίσεων
1301 819 1397 884 fuisse
1419 818 1480 884 sibi
1501 818 1603 884 videri
1625 818 1705 886 dixit
1726 821 1849 908 „praei
1873 819 2016 888 Callim.''
2037 847 2069 910 p.
2082 822 2169 904 XV,

241 927 391 1015 idemque
413 927 508 993 etiam
530 927 700 993 Heckerns
722 939 933 1016 proposuerat
953 926 1101 1010 „Oomm
1125 927 1267 994 Callim-.”
1288 953 1320 1016 p.
1344 929 1384 1009 5.,
1407 927 1523 993 iniuria
1544 939 1695 1016 uterque,
1726 953 1824 1017 quum
1847 954 1930 1019 quae
1950 942 2057 1019 partes
2080 932 2171 998 erint

242 1036 369 1102 maioris
398 1036 570 1102 voluminis
597 1037 687 1103 iuxta
714 1037 818 1124 ipsum
839 1037 922 1102 istud
945 1037 1047 1102 maius
1068 1038 1217 1103 volumen
1240 1049 1442 1103 enumeratas
1464 1037 1497 1102 iu
1518 1038 1631 1103 tabula
1652 1038 1749 1103 luisse
1771 1040 2030 1126 cognoverimus,
2059 1052 2095 1106 ut
2117 1041 2169 1129 qui

241 1144 376 1211 diversis
403 1145 445 1210 ibi
468 1145 546 1209 locis
568 1156 746 1232 appareant
767 1145 876 1213 titulos
897 1146 930 1211 in
952 1146 1092 1211 maxima
1114 1169 1211 1233 saepe
1232 1146 1437 1212 similitudine
1458 1147 1537 1212 nihil
1559 1158 1666 1212 tamen
1689 1147 1809 1213 habere
1830 1139 2011 1214 commercii
2032 1160 2171 1216 statuen-

243 1253 317 1319 dum
333 1254 383 1319 sit.
405 1266 573 1341 practerea
588 1278 629 1320 ex
645 1255 824 1343 argumenti
841 1254 995 1321 affinitate
1017 1253 1057 1321 de
1078 1255 1231 1320 librorum
1254 1256 1478 1321 coniunctione
1500 1253 1614 1320 ductae
1637 1255 1839 1322 coniecturae
1861 1257 2014 1342 ancipites
2034 1259 2171 1345 plerum-

242 1385 306 1450 que
322 1364 442 1428 suntin
461 1361 671 1448 Callimacho,
693 1364 746 1452 qui
762 1362 896 1430 eandem
912 1387 979 1430 rem
1002 1365 1080 1429 alias
1103 1364 1179 1430 alibi
1200 1376 1338 1430 tractare
1360 1365 1492 1444 solebat,
1517 1374 1552 1428 ut
1573 1364 1684 1429 lenem
1706 1375 1833 1451 poetam
1856 1366 1962 1452 attigit
1982 1390 2046 1432 non
2068 1368 2171 1433 solum

147 1496 151 1511 ·
243 1471 276 1537 in
304 1472 403 1548 πίναξι
432 1473 487 1554 (cf.
512 1472 701 1558 Harpocrat.
732 1496 757 1537 s.
776 1470 862 1553 Ἴων)
892 1484 924 1538 ct
953 1473 986 1538 in
1010 1471 1207 1539 Choliamhis
1237 1475 1292 1556 (cl.
1317 1474 1457 1539 Meinek.
1489 1474 1630 1560 „fragm
1654 1472 1858 1539 Choliamb.”
1880 1499 1912 1562 p.
1938 1476 1997 1541 165
2019 1499 2086 1564 seq.
2117 1477 2171 1542 ubi

243 1580 330 1668 quod
349 1581 444 1646 affert
459 1578 649 1647 Callimachi
666 1582 705 1646 ir.
720 1581 791 1645 319.
813 1604 917 1668 nuper
938 1605 956 1648 e
979 1582 1049 1647 cod.
1073 1581 1217 1648 Saibant.
1240 1606 1291 1668 ap.
1311 1581 1472 1646 Gaisford.
1497 1580 1537 1646 ad
1552 1581 1727 1668 Hephaest.
1749 1607 1781 1670 p.
1804 1583 2033 1670 dli-integrius
2054 1586 2173 1673 prodiit

242 1690 301 1755 ita:
323 1686 344 1770 ἥ
363 1713 410 1764 τις
430 1690 587 1775 τραγῳδὸς
606 1696 710 1770 μοῦσα
730 1689 962 1772 ληκυθιζοασο),
983 1689 1039 1755 scd
1062 1691 1157 1757 ctiam
1178 1691 1210 1755 in
1232 1692 1332 1778 lyrico
1354 1692 1502 1773 carmine,
1530 1702 1566 1756 nt
1586 1691 1721 1774 videtur,
1751 1693 1839 1758 cuius
1860 1691 1941 1758 duos
1962 1717 2073 1760 versus
2094 1694 2171 1784 legi·

243 1821 314 1864 mus
335 1799 368 1863 in
391 1799 518 1864 Anthol.
541 1797 643 1864 Palat
667 1798 766 1878 XIII,
788 1799 833 1881 9.,
863 1797 1038 1865 secundnm
1065 1799 1160 1865 otiam
1182 1800 1268 1887 apud
1290 1792 1465 1887 Hepliacst.
1487 1823 1518 1886 p.
1541 1801 1592 1865 38.
1616 1801 1747 1888 eiusque
1767 1802 1970 1868 scholiastam
1991 1827 2023 1890 p.
2047 1804 2116 1870 186.
2140 1815 2173 1871 et

246 1908 329 1987 187,
348 1907 425 1973 item
447 1906 532 1994 apud
553 1907 669 1973 Arsen.
692 1908 724 1972 in
745 1907 909 1974 Leutschii
931 1906 1213 1995 Paroemiograpb.
1236 1886 1281 1990 ΙΙ,
1303 1933 1335 1997 p.
1358 1909 1431 1973 419.

649 2015 765 2099 δ’ρχεται
786 2017 880 2090 ualde
899 2017 958 2097 μὲν
977 2019 1108 2099 Λίγοιῖον
1129 2017 1297 2099 διατμήξας
1319 2015 1369 2079 ἀπ’
1391 2020 1512 2101 οίνηρῆς
1533 2018 1614 2080 Χίου

650 2123 812 2209 άμιγορεάς,
835 2126 928 2199 notae
948 2126 982 2188 δὲ
1003 2127 1146 2206 Λεσβίης
1167 2124 1267 2190 άιοτον
1288 2126 1392 2209 νίκταρ
1414 2125 1560 2207 οίνάνθης
1582 2124 1673 2208 άγιον,

243 2257 327 2324 quae
350 2233 512 2300 Meinckio
533 2234 697 2316 („Viudic.
720 2233 889 2300 Strabon.”
910 2259 941 2322 p.
968 2233 1033 2315 16.)
1064 2259 1082 2302 e
1111 2236 1250 2301 carmine
1273 2236 1379 2323 aliquo
1401 2233 1497 2301 dueta
1519 2234 1726 2317 videbantur,
1756 2235 1874 2323 inquo
1897 2247 2032 2323 aposta
2054 2261 2171 2304 merca·

244 2353 348 2409 turam
371 2354 403 2410 ct
421 2344 612 2410 commercia
624 2343 843 2410 Alexandrina
864 2344 1027 2410 celebrata
1048 2367 1119 2410 esse
1140 2345 1283 2431 putabat,
1306 2367 1366 2432 ego
1389 2354 1494 2409 autem
1517 2344 1557 2409 ad
1580 2367 1651 2410 cam
1673 2367 1740 2410 rem
1763 2367 1877 2410 censeo
1899 2345 2069 2412 reserenda
2091 2370 2171 2430 esse,

244 2452 285 2518 dc
298 2476 371 2540 qua
391 2452 491 2519 schol.
514 2452 676 2539 Aristoph.
698 2452 777 2518 Pac.
797 2453 867 2518 835.
891 2451 978 2536 (coll.
1001 2453 1163 2534 Atheni,
1186 2477 1218 2540 p.
1234 2454 1263 2518 3.
1281 2451 1351 2533 F.):
1374 2455 1449 2536 φασί
1472 2451 1499 2515 δ
1522 2450 1617 2516 αὐτὸν
1639 2451 1781 2535 (Ionem)
1804 2452 1884 2534 ὁμοῦ
1905 2454 2104 2537 διθύραμβον
2124 2458 2172 2519 καὶ

244 2563 418 2649 τραγῳδίαν
448 2560 670 2644 ἀγωνισάμενον
698 2563 730 2625 ἐν
759 2570 797 2647 τῇ
817 2560 939 2646 Ἀττικῇ
959 2571 1074 2644 νικῆσαι
1094 2564 1143 2624 καί
1165 2560 1323 2636 εὐνοίας
1340 2559 1458 2646 χάριν
1477 2570 1623 2646 προῖκα
1645 2566 1742 2624 Χῖον
1763 2559 1869 2625 οίνον
1891 2562 2172 2647 πίμψαιἈθη-

245 2673 382 2745 ναίοις.
426 2670 610 2752 Praeterea,
633 2671 696 2736 alia
716 2681 753 2736 ut
774 2672 932 2752 omittam,
960 2670 1175 2738 Callimachus
1195 2677 1302 2752 μηνῶν
1323 2672 1525 2754 προσηγορίας
1546 2668 1672 2759 scripsit
1691 2669 1754 2735 κατ’
1778 2670 1868 2746 ἔθνος
1896 2672 2044 2760 idemque
2066 2684 2172 2740 tamen

245 2781 399 2868 peculiari
426 2780 509 2845 libro
538 2781 633 2846 etiam
657 2780 786 2855 ’ἐθνικὰς
811 2778 984 2860 ὀνομασίας,
1014 2804 1207 2869 quamquam
1229 2779 1282 2846 hic
1303 2803 1430 2868 quoqne
1453 2781 1547 2845 vilem
1572 2779 1749 2846 venditavit
1770 2781 1983 2847 coniecturam
2005 2781 2173 2849 Fabricius

245 2888 352 2970 „Bibl
377 2887 511 2954 Graec.’'
534 2890 596 2954 vol.
620 2888 683 2970 111,
705 2913 736 2976 p.
759 2890 850 2970 817„
879 2889 1009 2952 ἐθνικῶν
1029 2887 1202 2971 ὀνομασιῶν
1223 2901 1347 2974 partem
1369 2889 1466 2954 fuisse
1487 2890 1689 2974 προσηγορίας
1708 2897 1822 2970 μηνῶν,
1845 2891 1896 2955 cni
1918 2891 2119 2957 coniecturae
2142 2903 2175 2959 et

245 2998 306 3086 ipsi
329 2998 515 3064 adversatur
536 2999 700 3063 titulorum
721 2998 753 3062 in
775 2998 886 3064 tabula
907 2999 995 3064 ordo.
1039 2997 1105 3064 Sed
1127 2987 1178 3076 nc,
1201 2999 1275 3064 dum
1298 2998 1376 3064 alios
1399 2998 1514 3062 erroris
1535 2998 1702 3079 insimulo,
1731 3021 1820 3064 meos
1848 2999 1946 3086 ipsius
1969 3022 2091 3065 errores
2113 3000 2174 3066 dis·

138 3133 141 3151 ·
245 3107 396 3172 simulare
419 3107 502 3171 velle
523 3106 644 3188 videar,
667 3106 778 3171 cadem
800 3105 919 3173 chorda
940 3131 991 3173 me
1014 3131 1141 3196 quoque
1163 3109 1237 3174 olim
1260 3108 1428 3173 oberrasse
1449 3107 1568 3186 fateor,
1599 3130 1696 3194 quum
1718 3105 1869 3195 „Proleg
1892 3109 1924 3172 in
1947 3106 2030 3174 Call.
2053 3111 2174 3173 Λίτίιον

246 3217 378 3303 fragm.”
394 3240 424 3303 p.
441 3218 471 3279 4.
485 3217 593 3290 κτίσεις
607 3215 708 3296 νήσιον
721 3218 769 3277 καὶ
792 3213 906 3278 πόλεων
926 3218 974 3278 καί
996 3219 1218 3297 μετονομασίας
1239 3217 1430 3282 revocabam
1453 3214 1493 3280 ad
1515 3216 1637 3277 Λίτιίον
1659 3215 1774 3280 librum
1797 3216 1981 3298 secundum,
2005 3241 2068 3306 quo
2091 3219 2173 3285 libro

246 3325 373 3391 tametsi
389 3324 514 3389 urbium
535 3325 675 3412 origines
694 3335 846 3390 tractatas
868 3325 965 3391 luisse
988 3325 1160 3391 etiamnum
1183 3325 1289 3408 credo,
1311 3348 1398 3390 nunc
1420 3323 1712 3416 tamen'titulorum
1735 3323 1813 3389 ordo
1833 3347 1886 3389 ma
1908 3324 2015 3392 docuit
2035 3337 2174 3414 praeter·

247 3457 343 3522 quam
372 3434 405 3498 in
427 3435 548 3496 Αἰτίων
570 3434 710 3499 carmine
733 3433 829 3499 etiam
850 3434 1004 3520 peculiari
1025 3435 1107 3500 libro
1129 3433 1214 3500 idem
1237 3444 1460 3521 argumentum
1482 3431 1663 3522 aliquanto,
1694 3433 1815 3520 opinor,
1846 3434 1971 3521 plenius
1993 3459 2088 3523 quam
2110 3435 2174 3502 illic

247 3542 315 3607 fieri
345 3542 448 3627 potuit
471 3541 705 3609 Callimachum
732 3552 955 3629 pertractasse.
998 3543 1068 3608 Iam
1099 3543 1240 3608 desinam
1262 3541 1437 3609 eiusmodi
1460 3542 1623 3629 exagitare
1645 3564 1783 3623 errores,
1814 3542 1868 3607 ubi
1891 3566 1988 3608 unum
2011 3543 2174 3611 addidero.

247 3674 321 3716 nam
350 3662 386 3715 ut
407 3651 616 3717 Blomfieldns
637 3676 669 3740 p.
692 3651 770 3717 XII.
794 3651 957 3733 „Saphar”
988 3653 1020 3718 in
1051 3653 1161 3718 tabula
1189 3651 1317 3716 demum
1345 3662 1456 3716 nostra
1485 3673 1525 3716 ex
1547 3648 1670 3730 „reliq”
1694 3673 1800 3716 errore
1821 3662 1929 3717 uatum
1951 3654 2101 3739 putabat,
2130 3654 2176 3719 ita

120 3774 129 3781 '
247 3758 398 3825 Heclrero
420 3759 566 3841 „Comm
584 3758 726 3826 Callim.’'
748 3785 779 3848 p.
795 3762 825 3825 4.
848 3761 956 3826 similis
981 3762 1095 3827 erroris
1118 3761 1319 3826 occasionem
1340 3759 1511 3830 videbatur
1531 3760 1716 3845 praebuisse
1738 3760 1859 3843 tabula,
1880 3774 1916 3827 nt
1938 3760 2054 3828 Suidas
2076 3786 2174 3826 σατσ-

246 3869 314 3950 ρικά
335 3868 494 3950 δράματα,
523 3871 707 3955 τραγῳδίας,
733 3871 896 3956 κωμῳδίας
920 3867 1151 3937 Callimachum
1174 3869 1338 3957 scripsisse
1360 3867 1481 3934 diceret
1502 3879 1634 3955 propter
1654 3870 1763 3932 πίνακα
1782 3873 1830 3932 καὶ
1854 3869 2029 3953 ἀναγραφὴν
2051 3878 2113 3934 τῶν
2136 3907 2174 3919 -

247 3977 447 4041 διδασκάλων.
491 3978 577 4043 Huic
606 3989 711 4044 autem
741 3979 912 4044 doctissimi
943 3979 1003 4044 viri
1033 3978 1173 4064 opinioni
1202 3989 1237 4043 ut
1265 3974 1466 4065 refragantur
1495 3977 1556 4043 loci
1586 3977 1701 4065 quibus
1723 3990 1857 4066 uterque
1878 3980 1988 4044 titulus
2009 3980 2041 4044 in
2064 3980 2176 4047 tabula

215 4175 218 4179 ἡ
247 4098 425 4174 comparet,
455 4088 500 4152 ita
522 4087 649 4152 aliunde
671 4088 748 4152 nihil
770 4088 954 4175 opitulatur.
983 4111 1057 4153 uam
1081 4085 1165 4175 quod
1188 4086 1367 4152 bleinelrius
1390 4086 1502 4167 „Hist
1526 4086 1594 4152 crit.
1617 4087 1728 4150 comic.
1753 4084 1893 4152 Graec.'’
1915 4112 1946 4175 p.
1970 4088 2041 4152 479.
2079 4087 2175 4155 fidem

248 4193 367 4261 Suidae
384 4196 564 4261 comoedias
582 4194 813 4262 Callimachum
833 4197 996 4285 scripsisse
1017 4196 1163 4262 testantis
1185 4195 1305 4262 clevari
1327 4195 1462 4283 putabat
1484 4218 1531 4276 eo,
1554 4193 1639 4283 quod
1663 4195 1800 4260 eundem
1823 4195 1917 4261 etiam
1940 4197 2175 4285 tragoediarum

247 4316 408 4371 auctorem
425 4306 522 4371 fuisse
536 4305 621 4369 idem
644 4303 760 4371 Snidas
782 4306 959 4393 prohibeat,
982 4304 1122 4371 debebat
1144 4303 1228 4393 quod
1243 4304 1436 4370 Philostrato
1458 4303 1593 4370 Lemnio
1618 4315 1651 4369 et
1671 4304 1807 4370 Nicolao
1829 4304 2033 4371 Damasccuo
2054 4332 2085 4395 p.
2101 4308 2174 4374 563.

247 4424 313 4478 not.
336 4415 365 4477 2.
395 4413 443 4479 vir
465 4414 598 4480 eximius
621 4415 777 4480 concessit
798 4414 893 4480 etiam
915 4411 1112 4481 Callimacho
1135 4413 1321 4480 concedere.
1350 4436 1424 4479 nam
1446 4436 1507 4478 noc
1530 4412 1556 4478 ia
1579 4436 1715 4478 scaenae
1737 4413 1871 4501 scripsit,
1894 4425 1930 4480 ut
1951 4414 2097 4497 diximus,
2119 4415 2175 4482 scd

247 4500 428 4587 museorhm
457 4523 601 4589 umbrae.
645 4523 689 4589 Et
716 4524 776 4589 hoc
799 4546 912 4589 vereor
932 4545 973 4589 ne
995 4523 1139 4589 Naekins
1162 4545 1289 4611 quoque
1311 4522 1430 4587 oblitus
1451 4523 1492 4587 sit
1513 4519 1687 4608 „Opusc”
1709 4521 1735 4601 Ι,
1758 4545 1788 4609 p.
1810 4525 1879 4605 43„
1909 4547 2005 4611 quum
2029 4524 2176 4608 scruputi

247 4629 389 4714 δράματα
413 4629 612 4698 Callimacho
640 4656 753 4720 parum
782 4633 994 4699 verisimiliter
1023 4630 1164 4698 aSuida
1186 4629 1322 4696 adscribi
1344 4629 1480 4696 dicebat
1525 4629 1620 4709 Quod
1643 4642 1749 4697 autem
1771 4632 1944 4697 maximum
1968 4642 2028 4714 eat,
2052 4634 2084 4698 in
2108 4633 2176 4699 eius

247 4739 333 4806 modi
361 4740 562 4827 proferendis
589 4742 825 4829 opinationibus
855 4741 940 4807 docti
970 4742 1113 4808 homines
1143 4740 1274 4805 nimium
1295 4740 1435 4806 tribucre
1458 4737 1605 4805 videntur
1628 4741 1786 4806 communi
1809 4741 1949 4807 omnium
1971 4739 2010 4806 de
2032 4742 2177 4809 sublesta

249 4846 369 4914 Suidae
383 4847 446 4915 fide
467 4849 592 4931 iudicio,
614 4874 727 4938 parum
749 4863 892 4917 veterum
915 4851 1103 4938 scriptorum
1125 4872 1206 4938 quoa
1228 4847 1282 4915 ille
1304 4848 1487 4937 compilavit
1509 4849 1699 4915 auctoritati.
1745 4848 1839 4929 Quod
1860 4849 1885 4914 si
1909 4848 2056 4934 docuero,
2079 4875 2176 4940 quem

130 5011 138 5021 .
247 4956 299 5023 hic
314 4970 442 5025 secutus
458 4958 499 5023 sit
514 4957 641 5038 Suidas,
664 4960 692 5025 ei
714 4983 779 5025 non
802 4959 1023 5046 denegandam
1046 4960 1266 5025 auctoritatem
1288 4981 1366 5040 esse,
1389 4980 1484 5024 nemo
1506 4957 1649 5045 posthac,
1671 4958 1729 5023 nisi
1752 4958 1960 5044 gravissimae
1982 4961 2175 5028 accesserint

249 5087 374 5149 musae,
396 5066 436 5134 de
457 5068 587 5134 tabulae
609 5067 672 5134 fide
694 5068 886 5135 addubitare
903 5069 998 5134 volet.
